fiscalDateEnding,reportedCurrency,grossProfit,totalRevenue,costOfRevenue,costofGoodsAndServicesSold,operatingIncome,sellingGeneralAndAdministrative,researchAndDevelopment,operatingExpenses,investmentIncomeNet,netInterestIncome,interestIncome,interestExpense,nonInterestIncome,otherNonOperatingIncome,depreciation,depreciationAndAmortization,incomeBeforeTax,incomeTaxExpense,interestAndDebtExpense,netIncomeFromContinuingOperations,comprehensiveIncomeNetOfTax,ebit,ebitda,netIncome,company_name,symbol
2024-03-31,USD,42271000000,90753000000,54950000000,48482000000,27900000000,6468000000,7903000000,14371000000,None,None,None,None,90753000000,None,None,2836000000,28058000000,4422000000,None,23636000000,24054000000,27900000000,30736000000,23636000000,Apple Inc.,AAPL
2023-12-31,USD,54855000000,119575000000,71506000000,64720000000,40373000000,6786000000,7696000000,14482000000,None,None,None,1002000000,119575000000,None,None,2848000000,40323000000,6407000000,None,33916000000,35990000000,40373000000,43221000000,33916000000,Apple Inc.,AAPL
2023-09-30,USD,40427000000,88496000000,55222000000,49071000000,26969000000,6151000000,7307000000,13458000000,984000000,-1002000000,18000000,1002000000,89498000000,47000000,None,2653000000,26998000000,4042000000,1002000000,22956000000,23305000000,28000000000,29622000000,22956000000,Apple Inc.,AAPL
2023-06-30,USD,36413000000,80799000000,51357000000,45384000000,22998000000,5973000000,7442000000,13415000000,980000000,-998000000,18000000,998000000,81797000000,-247000000,None,3052000000,22733000000,2852000000,998000000,19881000000,19826000000,23731000000,26050000000,19881000000,Apple Inc.,AAPL
2023-03-31,USD,41976000000,94836000000,59061000000,52860000000,28318000000,6201000000,7457000000,13658000000,None,-12000000,12000000,930000000,94836000000,76000000,None,2898000000,28382000000,4222000000,None,24160000000,25326000000,29312000000,31216000000,24160000000,Apple Inc.,AAPL
2022-12-31,USD,50332000000,116151000000,73429000000,66822000000,36016000000,6607000000,7709000000,14316000000,868000000,-1003000000,135000000,1003000000,117154000000,-258000000,None,2916000000,35623000000,5625000000,1003000000,29998000000,28195000000,36626000000,38932000000,29998000000,Apple Inc.,AAPL
2022-09-30,USD,38095000000,89319000000,58491000000,52051000000,24894000000,6440000000,6761000000,13201000000,753000000,-827000000,74000000,827000000,90146000000,-163000000,None,2865000000,24657000000,3936000000,827000000,20721000000,18909000000,25484000000,27759000000,20721000000,Apple Inc.,AAPL
2022-06-30,USD,35885000000,82240000000,53086000000,47074000000,23076000000,6012000000,6797000000,12809000000,722000000,-719000000,722000000,719000000,82959000000,-13000000,None,2805000000,23066000000,3624000000,719000000,19442000000,16639000000,23785000000,25881000000,19442000000,Apple Inc.,AAPL
2022-03-31,USD,42559000000,96587000000,60912000000,54719000000,29979000000,6193000000,6387000000,12580000000,700000000,-691000000,700000000,691000000,97278000000,151000000,None,2737000000,30139000000,5129000000,691000000,25010000000,19443000000,30830000000,32716000000,25010000000,Apple Inc.,AAPL
2021-12-31,USD,54243000000,123251000000,76151000000,69702000000,41488000000,6449000000,6306000000,12755000000,650000000,-694000000,650000000,694000000,123945000000,-203000000,None,2697000000,41241000000,6611000000,694000000,34630000000,33540000000,41935000000,44185000000,34630000000,Apple Inc.,AAPL
2021-09-30,USD,35174000000,82688000000,53802000000,48186000000,23786000000,5616000000,5772000000,11388000000,659000000,-672000000,659000000,672000000,83360000000,-525000000,None,2989000000,23248000000,2697000000,672000000,20551000000,20656000000,23920000000,26775000000,20551000000,Apple Inc.,AAPL
2021-06-30,USD,35255000000,80769000000,51591000000,46179000000,24126000000,5412000000,5717000000,11129000000,719000000,-665000000,719000000,665000000,81434000000,189000000,None,2832000000,24369000000,2625000000,665000000,21744000000,22088000000,25034000000,26958000000,21744000000,Apple Inc.,AAPL
2021-03-31,USD,38079000000,88914000000,56819000000,51505000000,27503000000,5314000000,5262000000,10576000000,718000000,-670000000,718000000,670000000,89584000000,460000000,None,2797000000,28011000000,4381000000,670000000,23630000000,23165000000,28681000000,30300000000,23630000000,Apple Inc.,AAPL
2020-12-31,USD,44328000000,110801000000,72742000000,67111000000,33534000000,5631000000,5163000000,10794000000,747000000,-638000000,747000000,638000000,111439000000,-64000000,None,2666000000,33579000000,4824000000,638000000,28755000000,29340000000,34217000000,36200000000,28755000000,Apple Inc.,AAPL
2020-09-30,USD,24689000000,64698000000,44945000000,40009000000,14775000000,4936000000,4978000000,9914000000,768000000,-634000000,134000000,634000000,64698000000,-8000000,None,2702000000,14901000000,2228000000,634000000,24689000000,12817000000,15535000000,17477000000,12673000000,Apple Inc.,AAPL
2020-06-30,USD,22680000000,58988000000,41836000000,37005000000,13091000000,4831000000,4758000000,9589000000,901000000,-697000000,901000000,697000000,59685000000,-158000000,None,2752000000,13137000000,1884000000,697000000,11253000000,13492000000,13834000000,15843000000,11253000000,Apple Inc.,AAPL
2020-03-31,USD,22370000000,57556000000,40895000000,35943000000,12853000000,4952000000,4565000000,9517000000,1049000000,-757000000,1049000000,757000000,58313000000,-10000000,None,2786000000,13135000000,1886000000,757000000,11249000000,8878000000,13892000000,15639000000,11249000000,Apple Inc.,AAPL
2019-12-31,USD,35217000000,91034000000,61799000000,56602000000,25569000000,5197000000,4451000000,9648000000,1045000000,-785000000,1045000000,785000000,91819000000,89000000,None,2816000000,25918000000,3682000000,785000000,22236000000,22266000000,26703000000,28385000000,22236000000,Apple Inc.,AAPL
2019-09-30,USD,24313000000,64040000000,44305000000,39727000000,15625000000,4578000000,4110000000,8688000000,1106000000,-810000000,1106000000,810000000,64040000000,206000000,None,3179000000,16127000000,2441000000,810000000,24313000000,13741000000,16937000000,18804000000,13686000000,Apple Inc.,AAPL
2019-06-30,USD,20227000000,52943000000,38008000000,33582000000,11544000000,4426000000,4257000000,8683000000,1190000000,-866000000,1190000000,866000000,53809000000,43000000,None,2933000000,11911000000,1867000000,866000000,10044000000,10904000000,12777000000,14477000000,10044000000,Apple Inc.,AAPL
2019-03-31,USD,21821000000,57005000000,40652000000,36194000000,13415000000,4458000000,3948000000,8406000000,1358000000,-1010000000,1358000000,1010000000,58015000000,30000000,None,3040000000,13793000000,2232000000,1010000000,11561000000,13650000000,14803000000,16455000000,11561000000,Apple Inc.,AAPL
2018-12-31,USD,32031000000,83420000000,57062000000,52279000000,23346000000,4783000000,3902000000,8685000000,1307000000,-890000000,None,890000000,84310000000,143000000,None,3395000000,23906000000,3941000000,890000000,19965000000,19742000000,24796000000,26741000000,19965000000,Apple Inc.,AAPL
2018-09-30,USD,24084000000,62900000000,38816000000,38816000000,16118000000,4216000000,3750000000,7966000000,1311000000,-868000000,None,868000000,62900000000,-140000000,None,2754000000,16421000000,2296000000,868000000,24084000000,13782000000,17289000000,18872000000,14125000000,Apple Inc.,AAPL
2018-06-30,USD,20421000000,53265000000,32844000000,32844000000,12612000000,4108000000,3701000000,7809000000,1418000000,-846000000,None,846000000,53265000000,100000000,None,2665000000,13284000000,1765000000,846000000,11519000000,11472000000,14130000000,15277000000,11519000000,Apple Inc.,AAPL
2018-03-31,USD,23422000000,61137000000,37715000000,37715000000,15894000000,4150000000,3378000000,7528000000,1505000000,-792000000,None,792000000,61137000000,-439000000,None,2739000000,16168000000,2346000000,792000000,13822000000,11877000000,16960000000,18633000000,13822000000,Apple Inc.,AAPL
2017-12-31,USD,33912000000,88293000000,54381000000,54381000000,26274000000,4231000000,3407000000,7638000000,1452000000,-734000000,None,734000000,88293000000,38000000,None,2745000000,27030000000,6965000000,734000000,20065000000,19374000000,27764000000,29019000000,20065000000,Apple Inc.,AAPL
2017-09-30,USD,19931000000,52579000000,32648000000,32648000000,13120000000,3814000000,2997000000,6811000000,1368000000,-666000000,None,666000000,None,95000000,None,2484000000,13917000000,3203000000,666000000,19931000000,11109000000,14583000000,15604000000,10714000000,Apple Inc.,AAPL
2017-06-30,USD,17488000000,45408000000,27920000000,27920000000,10768000000,3783000000,2937000000,6720000000,1327000000,-602000000,None,602000000,None,-185000000,None,2354000000,11308000000,2591000000,602000000,17488000000,8594000000,11910000000,13122000000,8717000000,Apple Inc.,AAPL
2017-03-31,USD,20591000000,52896000000,32305000000,32305000000,14097000000,3718000000,2776000000,6494000000,1282000000,-530000000,None,530000000,None,-165000000,None,2332000000,14684000000,3655000000,530000000,20591000000,10362000000,15214000000,16429000000,11029000000,Apple Inc.,AAPL
2016-12-31,USD,30176000000,78351000000,48175000000,48175000000,23359000000,3946000000,2871000000,6817000000,1224000000,-525000000,None,525000000,None,122000000,None,2987000000,24180000000,6289000000,525000000,17891000000,17502000000,24705000000,26346000000,17891000000,Apple Inc.,AAPL
2016-09-30,USD,17813000000,47858000000,40821000000,29039000000,11761000000,3482000000,2570000000,6052000000,1036000000,-450000000,None,450000000,None,-159000000,None,2548000000,12188000000,3174000000,450000000,17813000000,9755000000,12638000000,14309000000,9014000000,Apple Inc.,AAPL
2016-06-30,USD,16106000000,41949000000,29693000000,26252000000,10105000000,3441000000,2560000000,6001000000,1036000000,-409000000,None,409000000,None,-263000000,None,2526000000,10469000000,2673000000,409000000,7796000000,8737000000,10878000000,12631000000,7796000000,Apple Inc.,AAPL
2016-03-31,USD,19921000000,50236000000,34059000000,30636000000,13987000000,3423000000,2511000000,5934000000,986000000,-321000000,None,321000000,None,-510000000,None,2477000000,14142000000,3626000000,321000000,10516000000,10948000000,14463000000,16464000000,10516000000,Apple Inc.,AAPL
2015-12-31,USD,30423000000,75596000000,49297000000,45449000000,24171000000,3848000000,2404000000,6252000000,941000000,-276000000,None,276000000,None,-263000000,None,2954000000,24573000000,6212000000,276000000,18361000000,17226000000,24849000000,27125000000,18361000000,Apple Inc.,AAPL
2015-09-30,USD,20548000000,51501000000,43858000000,30953000000,14623000000,3705000000,2220000000,5925000000,826000000,-238000000,None,238000000,None,-149000000,None,3119000000,15062000000,3938000000,238000000,20548000000,9681000000,15300000000,17742000000,11124000000,Apple Inc.,AAPL
2015-06-30,USD,19681000000,49404000000,33488000000,29924000000,14083000000,3564000000,2034000000,5598000000,766000000,-201000000,None,201000000,None,-175000000,None,3084000000,14473000000,3796000000,201000000,10677000000,9065000000,14674000000,17167000000,10677000000,Apple Inc.,AAPL
2015-03-31,USD,23656000000,57847000000,37814000000,34354000000,18278000000,3460000000,1918000000,5378000000,675000000,-163000000,None,163000000,None,-226000000,None,2479000000,18564000000,4995000000,163000000,13569000000,14316000000,18727000000,20757000000,13569000000,Apple Inc.,AAPL
2014-12-31,USD,29741000000,74468000000,48458000000,44858000000,24246000000,3600000000,1895000000,5495000000,654000000,-131000000,None,131000000,None,-353000000,None,2575000000,24416000000,6392000000,131000000,18024000000,18905000000,24547000000,26821000000,18024000000,Apple Inc.,AAPL
2014-09-30,USD,16009000000,42123000000,36172000000,26114000000,11165000000,3158000000,1686000000,4844000000,519000000,-115000000,None,115000000,None,-97000000,None,1969000000,11472000000,3005000000,115000000,16009000000,9463000000,11587000000,13134000000,8467000000,Apple Inc.,AAPL
2014-06-30,USD,14735000000,37332000000,25547000000,22697000000,10282000000,2850000000,1603000000,4453000000,439000000,-100000000,None,100000000,None,-137000000,None,1946000000,10484000000,2736000000,100000000,7748000000,8085000000,10584000000,12228000000,7748000000,Apple Inc.,AAPL
2014-03-31,USD,17947000000,45561000000,30631000000,27699000000,13593000000,2932000000,1422000000,4354000000,410000000,-85000000,None,85000000,None,-100000000,None,1887000000,13818000000,3595000000,85000000,10223000000,10278000000,13903000000,15480000000,10223000000,Apple Inc.,AAPL
2013-12-31,USD,21846000000,57510000000,38801000000,35748000000,17463000000,3053000000,1330000000,4383000000,427000000,-84000000,None,84000000,None,-97000000,None,2144000000,17709000000,4637000000,84000000,13072000000,13237000000,17793000000,19607000000,13072000000,Apple Inc.,AAPL
2013-09-30,USD,13871000000,37472000000,32074000000,23601000000,10030000000,2673000000,1168000000,3841000000,390000000,-83000000,None,83000000,None,-194000000,None,1783000000,10143000000,2631000000,83000000,13871000000,7275000000,10226000000,11813000000,7512000000,Apple Inc.,AAPL
2013-06-30,USD,13024000000,35270000000,24944000000,22299000000,9201000000,2645000000,1178000000,3823000000,385000000,-53000000,None,53000000,None,-98000000,None,1694000000,9435000000,2535000000,53000000,6900000000,5702000000,9488000000,10895000000,6900000000,Apple Inc.,AAPL
2013-03-31,USD,16349000000,43603000000,29926000000,27254000000,12558000000,2672000000,1119000000,3791000000,420000000,0,None,0,None,-73000000,None,1692000000,12905000000,3358000000,0,9547000000,9899000000,12905000000,14250000000,9547000000,Apple Inc.,AAPL
2012-12-31,USD,21060000000,54512000000,36292000000,33452000000,17210000000,2840000000,1010000000,3850000000,421000000,0,None,0,None,41000000,None,1588000000,17672000000,4594000000,0,13078000000,13191000000,17672000000,18798000000,13078000000,Apple Inc.,AAPL
2012-09-30,USD,14401000000,35966000000,26716000000,21565000000,10944000000,2551000000,906000000,3457000000,None,None,None,51000000,None,-51000000,None,981000000,10893000000,2670000000,None,14401000000,8190000000,10944000000,11925000000,8223000000,Apple Inc.,AAPL
2012-06-30,USD,14994000000,35023000000,22574000000,20029000000,11573000000,2545000000,876000000,3421000000,None,None,None,288000000,None,288000000,None,835000000,11861000000,3037000000,None,8824000000,8832000000,11573000000,12408000000,8824000000,Apple Inc.,AAPL
2012-03-31,USD,18564000000,39186000000,22961000000,20622000000,15384000000,2339000000,841000000,3180000000,None,None,None,148000000,None,148000000,None,740000000,15532000000,3910000000,None,11622000000,11762000000,15384000000,16124000000,11622000000,Apple Inc.,AAPL
2011-12-31,USD,20703000000,46333000000,28235000000,25630000000,17340000000,2605000000,758000000,3363000000,None,None,None,137000000,None,137000000,None,721000000,17477000000,4413000000,None,13064000000,13005000000,17340000000,18061000000,13064000000,Apple Inc.,AAPL
2011-09-30,USD,11380000000,28270000000,20515000000,16890000000,8710000000,2025000000,645000000,2670000000,None,None,None,81000000,None,81000000,None,543000000,8791000000,2168000000,None,11380000000,6677000000,8710000000,9253000000,6623000000,Apple Inc.,AAPL
2011-06-30,USD,11922000000,28571000000,18564000000,16649000000,9379000000,1915000000,628000000,2543000000,None,None,None,172000000,None,172000000,None,481000000,9551000000,2243000000,None,7308000000,7571000000,9379000000,9860000000,7308000000,Apple Inc.,AAPL
2011-03-31,USD,10218000000,24708000000,16212000000,14449000000,7874000000,1763000000,581000000,2344000000,None,None,None,26000000,None,26000000,None,434000000,7900000000,1913000000,None,5987000000,5999000000,7874000000,8308000000,5987000000,Apple Inc.,AAPL
2010-12-31,USD,10298000000,26741000000,18339000000,16443000000,7827000000,1896000000,575000000,2471000000,None,None,None,136000000,None,136000000,None,356000000,7963000000,1959000000,None,6004000000,6164000000,7827000000,8183000000,6004000000,Apple Inc.,AAPL
2010-09-30,USD,7512000000,20343000000,15217000000,12831000000,5447000000,1571000000,494000000,2065000000,None,None,None,14000000,None,14000000,None,329000000,5461000000,1153000000,None,7512000000,4154000000,5447000000,5776000000,4308000000,Apple Inc.,AAPL
2010-06-30,USD,6136000000,15700000000,11002000000,9564000000,4234000000,1438000000,464000000,1902000000,None,None,None,58000000,None,58000000,None,273000000,4292000000,1039000000,None,3253000000,3236000000,4234000000,4507000000,3253000000,Apple Inc.,AAPL
2010-03-31,USD,5625000000,13499000000,9094000000,7874000000,3979000000,1220000000,426000000,1646000000,None,None,None,266000000,None,50000000,None,216000000,4029000000,955000000,None,3074000000,3088000000,3979000000,3979000000,3074000000,Apple Inc.,AAPL
2009-12-31,USD,6411000000,15683000000,10560000000,9272000000,4725000000,1288000000,398000000,1686000000,None,None,None,33000000,None,33000000,None,209000000,4758000000,1380000000,None,3378000000,3412000000,4725000000,4934000000,3378000000,Apple Inc.,AAPL
2009-09-30,USD,5105000000,12207000000,7102000000,7102000000,3684000000,1063000000,358000000,1421000000,None,None,None,45000000,None,None,None,197000000,3729000000,1197000000,None,5105000000,2628000000,3684000000,2390000000,2532000000,Apple Inc.,AAPL
2009-06-30,USD,3983000000,8337000000,5314000000,5751000000,2632000000,1010000000,341000000,1351000000,None,None,None,236000000,None,60000000,None,176000000,2692000000,864000000,None,1229000000,1900000000,2632000000,1672000000,1828000000,Apple Inc.,AAPL
2009-03-31,USD,3627000000,8163000000,5192000000,5457000000,2323000000,985000000,319000000,1304000000,None,None,None,63000000,None,None,None,172000000,2386000000,766000000,None,None,None,2323000000,1839000000,1620000000,Apple Inc.,AAPL
2008-12-31,USD,4507000000,10167000000,6635000000,7373000000,3101000000,1091000000,315000000,1406000000,None,None,None,158000000,None,None,None,158000000,3259000000,1004000000,None,None,None,3101000000,2284000000,2255000000,Apple Inc.,AAPL
2008-09-30,USD,4791000000,7895000000,5156000000,8116000000,3494000000,999000000,298000000,1297000000,None,None,None,140000000,None,None,None,134000000,3634000000,1213000000,None,None,None,3494000000,1576000000,2421000000,Apple Inc.,AAPL
2008-06-30,USD,2600000000,7464000000,4864000000,4864000000,1392000000,916000000,292000000,1208000000,None,None,None,118000000,None,None,None,117000000,1510000000,438000000,None,None,None,1392000000,1509000000,1072000000,Apple Inc.,AAPL
2024-03-31,USD,43353000000,60911000000,28477000000,18505000000,27581000000,8119000000,7653000000,17625000000,619000000,-800000000,619000000,800000000,61711000000,-486000000,None,1853000000,26727000000,4788000000,800000000,21939000000,21453000000,27527000000,29380000000,21939000000,Microsoft Corporation,MSFT
2023-12-31,USD,42397000000,60849000000,29554000000,19623000000,27032000000,8223000000,7142000000,17073000000,734000000,-909000000,734000000,909000000,61758000000,-169000000,None,1708000000,26526000000,4656000000,909000000,21870000000,23858000000,27435000000,29143000000,21870000000,Microsoft Corporation,MSFT
2023-09-30,USD,40215000000,56029000000,23979000000,16302000000,26895000000,6661000000,6659000000,14336000000,1166000000,-525000000,1166000000,525000000,56554000000,-137000000,None,1016000000,27284000000,4993000000,525000000,22291000000,21697000000,27809000000,28825000000,22291000000,Microsoft Corporation,MSFT
2023-06-30,USD,39394000000,55659000000,26154000000,16795000000,24254000000,8401000000,6739000000,16098000000,905000000,-482000000,905000000,482000000,56141000000,-61000000,None,958000000,24727000000,4646000000,482000000,20081000000,19382000000,25209000000,26167000000,20081000000,Microsoft Corporation,MSFT
2023-03-31,USD,36729000000,52405000000,24481000000,16128000000,22352000000,7393000000,6984000000,15337000000,748000000,-496000000,748000000,496000000,52901000000,-93000000,None,960000000,22673000000,4374000000,496000000,18299000000,19112000000,23169000000,24129000000,18299000000,Microsoft Corporation,MSFT
2022-12-31,USD,35259000000,52032000000,27393000000,17488000000,20399000000,8016000000,6844000000,16749000000,700000000,-490000000,700000000,490000000,52522000000,-38000000,None,1089000000,20339000000,3914000000,490000000,16425000000,17311000000,20829000000,21918000000,16425000000,Microsoft Corporation,MSFT
2022-09-30,USD,34670000000,49636000000,22798000000,15452000000,21518000000,6524000000,6628000000,13974000000,641000000,-500000000,641000000,500000000,50136000000,-31000000,None,822000000,21572000000,4016000000,500000000,17556000000,14891000000,22072000000,22894000000,17556000000,Microsoft Corporation,MSFT
2022-06-30,USD,35436000000,51406000000,25283000000,16429000000,20534000000,8053000000,6849000000,15703000000,552000000,-496000000,552000000,496000000,51902000000,-23000000,None,801000000,20487000000,3747000000,496000000,16740000000,14538000000,20983000000,21784000000,16740000000,Microsoft Corporation,MSFT
2022-03-31,USD,33745000000,48732000000,23481000000,15615000000,20364000000,7075000000,6306000000,14172000000,519000000,-503000000,519000000,503000000,49235000000,-11000000,None,791000000,20190000000,3462000000,503000000,16728000000,13815000000,20693000000,21484000000,16728000000,Microsoft Corporation,MSFT
2021-12-31,USD,34768000000,51228000000,24433000000,16960000000,22247000000,6763000000,5758000000,13231000000,503000000,-525000000,503000000,525000000,51753000000,-4000000,None,710000000,22515000000,3750000000,525000000,18765000000,17919000000,23040000000,23750000000,18765000000,Microsoft Corporation,MSFT
2021-09-30,USD,31671000000,44743000000,20145000000,13646000000,20238000000,5834000000,5599000000,12098000000,520000000,-539000000,520000000,539000000,45282000000,6000000,None,665000000,20524000000,19000000,539000000,20505000000,19966000000,21063000000,21728000000,20505000000,Microsoft Corporation,MSFT
2021-06-30,USD,32161000000,45595000000,22025000000,13991000000,19095000000,7379000000,5687000000,13721000000,497000000,-553000000,497000000,553000000,46148000000,22000000,None,655000000,19405000000,2947000000,553000000,16458000000,16818000000,19958000000,20613000000,16458000000,Microsoft Corporation,MSFT
2021-03-31,USD,28661000000,41059000000,20070000000,13045000000,17048000000,6409000000,5204000000,12229000000,519000000,-633000000,519000000,633000000,41692000000,6000000,None,616000000,17236000000,1779000000,633000000,15457000000,13552000000,17869000000,18485000000,15457000000,Microsoft Corporation,MSFT
2020-12-31,USD,28882000000,42558000000,20907000000,14194000000,17897000000,6086000000,4899000000,11612000000,545000000,-571000000,545000000,571000000,43129000000,70000000,None,627000000,18337000000,2874000000,571000000,15463000000,15720000000,18908000000,19535000000,15463000000,Microsoft Corporation,MSFT
2020-09-30,USD,26152000000,36724000000,16941000000,11002000000,15876000000,5350000000,4926000000,10865000000,570000000,-589000000,None,589000000,37313000000,0,None,589000000,16124000000,2231000000,589000000,13893000000,13807000000,16713000000,17302000000,13893000000,Microsoft Corporation,MSFT
2020-06-30,USD,25694000000,38033000000,20161000000,12339000000,13407000000,7073000000,5214000000,13036000000,595000000,-686000000,None,686000000,38033000000,0,None,588000000,13422000000,2220000000,686000000,13407000000,11712000000,14108000000,14696000000,11202000000,Microsoft Corporation,MSFT
2020-03-31,USD,24046000000,34315000000,17650000000,10975000000,12975000000,6184000000,4887000000,11562000000,673000000,-614000000,153000000,614000000,34929000000,-3000000,None,491000000,12843000000,2091000000,614000000,10752000000,13683000000,13457000000,13948000000,10752000000,Microsoft Corporation,MSFT
2019-12-31,USD,24548000000,36322000000,18986000000,12358000000,13891000000,6054000000,4603000000,11231000000,688000000,-654000000,281000000,654000000,36976000000,-19000000,None,574000000,14085000000,2436000000,654000000,11649000000,11455000000,14739000000,15313000000,11649000000,Microsoft Corporation,MSFT
2019-09-30,USD,22649000000,32428000000,16363000000,10406000000,12686000000,5398000000,4565000000,10522000000,724000000,-637000000,139000000,637000000,33065000000,-18000000,None,559000000,12686000000,2008000000,637000000,10678000000,10957000000,13323000000,13882000000,10678000000,Microsoft Corporation,MSFT
2019-06-30,USD,23305000000,33717000000,17199000000,10412000000,12405000000,6387000000,4513000000,11300000000,709000000,-669000000,321000000,669000000,33717000000,-121000000,None,400000000,12596000000,-591000000,669000000,12405000000,14112000000,13265000000,13665000000,13187000000,Microsoft Corporation,MSFT
2019-03-31,USD,20401000000,29993000000,16345000000,10170000000,10341000000,5744000000,4316000000,10491000000,668000000,-671000000,None,671000000,30664000000,16000000,None,431000000,10486000000,1677000000,671000000,8809000000,9557000000,11157000000,11588000000,8809000000,Microsoft Corporation,MSFT
2018-12-31,USD,20048000000,31796000000,18673000000,12423000000,10258000000,5720000000,4070000000,10320000000,704000000,-672000000,None,672000000,32468000000,34000000,None,530000000,10385000000,1965000000,672000000,8420000000,9022000000,11057000000,11587000000,8420000000,Microsoft Corporation,MSFT
2018-09-30,USD,19179000000,28615000000,15708000000,9905000000,9955000000,5247000000,3977000000,9780000000,681000000,-674000000,None,674000000,29289000000,14000000,None,556000000,10221000000,1397000000,674000000,8824000000,8463000000,10895000000,11451000000,8824000000,Microsoft Corporation,MSFT
2018-06-30,USD,20343000000,30085000000,34165000000,9742000000,10379000000,6031000000,3933000000,10464000000,636000000,-672000000,None,672000000,30085000000,-61000000,None,500000000,10680000000,1807000000,672000000,10379000000,7797000000,11352000000,11852000000,8873000000,Microsoft Corporation,MSFT
2018-03-31,USD,17550000000,26819000000,9269000000,9269000000,8292000000,5543000000,3715000000,9818000000,575000000,-691000000,None,691000000,-52000000,7000000,None,560000000,8641000000,1217000000,691000000,7424000000,6670000000,9332000000,9892000000,7424000000,Microsoft Corporation,MSFT
2017-12-31,USD,17854000000,28918000000,11064000000,11064000000,8679000000,5671000000,3504000000,9737000000,530000000,-698000000,None,698000000,-144000000,34000000,None,562000000,9169000000,15471000000,698000000,-6302000000,-7227000000,9867000000,10429000000,-6302000000,Microsoft Corporation,MSFT
2017-09-30,USD,16260000000,24538000000,8278000000,8278000000,7708000000,4978000000,3574000000,9115000000,473000000,-672000000,None,672000000,-59000000,-39000000,None,563000000,7984000000,1408000000,672000000,6576000000,6475000000,8656000000,9219000000,6576000000,Microsoft Corporation,MSFT
2017-06-30,USD,17149000000,25605000000,8456000000,22227000000,7682000000,5711000000,3514000000,10131000000,403000000,-655000000,None,655000000,25605000000,-24000000,None,600000000,7958000000,-111000000,655000000,5330000000,7855000000,8613000000,9213000000,8069000000,Microsoft Corporation,MSFT
2017-03-31,USD,15152000000,23212000000,8060000000,3075000000,6723000000,5081000000,3355000000,8996000000,380000000,-609000000,None,609000000,-200000000,-40000000,None,560000000,7094000000,1608000000,609000000,4801000000,5675000000,7703000000,8263000000,5486000000,Microsoft Corporation,MSFT
2016-12-31,USD,15925000000,25826000000,9901000000,5378000000,7905000000,4950000000,3062000000,8327000000,311000000,-521000000,None,521000000,-128000000,-172000000,None,315000000,8022000000,1755000000,521000000,5200000000,4961000000,8543000000,8858000000,6267000000,Microsoft Corporation,MSFT
2016-09-30,USD,14084000000,21928000000,7844000000,3581000000,6715000000,4278000000,3106000000,7598000000,293000000,-437000000,None,437000000,-146000000,-15000000,None,214000000,6827000000,1160000000,437000000,4690000000,5831000000,7264000000,7478000000,5667000000,Microsoft Corporation,MSFT
2016-06-30,USD,12635000000,20614000000,7979000000,18676000000,3080000000,5299000000,3146000000,9814000000,274000000,-345000000,None,345000000,-98000000,-39000000,None,238000000,5494000000,2372000000,345000000,3080000000,6817000000,5839000000,6077000000,3122000000,Microsoft Corporation,MSFT
2016-03-31,USD,12809000000,20531000000,7722000000,3801000000,5283000000,4546000000,2980000000,7775000000,230000000,-340000000,None,340000000,-173000000,-49000000,None,249000000,5036000000,1280000000,340000000,3756000000,3823000000,5376000000,5625000000,3756000000,Microsoft Corporation,MSFT
2015-12-31,USD,13924000000,23796000000,9872000000,6268000000,6026000000,4998000000,2900000000,8147000000,200000000,-309000000,None,309000000,-154000000,-14000000,None,249000000,5855000000,837000000,309000000,4998000000,5053000000,6164000000,6413000000,5018000000,Microsoft Corporation,MSFT
2015-09-30,USD,13172000000,20379000000,7207000000,4035000000,5793000000,4417000000,2962000000,7621000000,199000000,-249000000,None,249000000,-139000000,-93000000,None,242000000,5513000000,611000000,249000000,4620000000,4118000000,5762000000,6004000000,4902000000,Microsoft Corporation,MSFT
2015-06-30,USD,14712000000,22180000000,7468000000,7468000000,-2053000000,5233000000,3094000000,16765000000,198000000,-247000000,None,247000000,191000000,4000000,None,200000000,-1756000000,1439000000,247000000,14712000000,-4144000000,-1509000000,-1309000000,-3195000000,Microsoft Corporation,MSFT
2015-03-31,USD,14568000000,21729000000,7161000000,7161000000,6594000000,4800000000,2984000000,7974000000,160000000,-211000000,None,211000000,-168000000,-27000000,None,361000000,6517000000,1532000000,211000000,4985000000,5073000000,6728000000,7089000000,4985000000,Microsoft Corporation,MSFT
2014-12-31,USD,16334000000,26470000000,10136000000,10136000000,7776000000,5412000000,2903000000,8558000000,183000000,-162000000,None,162000000,6000000,-209000000,None,329000000,7850000000,1987000000,162000000,5863000000,5489000000,8012000000,8341000000,5863000000,Microsoft Corporation,MSFT
2014-09-30,USD,14928000000,23201000000,8273000000,8273000000,5844000000,4879000000,3065000000,7944000000,225000000,-161000000,None,161000000,-267000000,-35000000,None,372000000,5896000000,1356000000,161000000,4540000000,4589000000,6057000000,6429000000,4540000000,Microsoft Corporation,MSFT
2014-06-30,USD,15749000000,23382000000,7633000000,7595000000,6482000000,6055000000,3123000000,9267000000,265000000,-169000000,None,169000000,-222000000,-66000000,None,347000000,6577000000,1965000000,169000000,15787000000,4988000000,6746000000,7093000000,4612000000,Microsoft Corporation,MSFT
2014-03-31,USD,14425000000,20403000000,5978000000,5978000000,6974000000,4745000000,2743000000,7451000000,220000000,-175000000,None,175000000,-28000000,-72000000,None,170000000,6957000000,1297000000,175000000,5660000000,5715000000,7132000000,7302000000,5660000000,Microsoft Corporation,MSFT
2013-12-31,USD,16197000000,24519000000,8322000000,8322000000,7969000000,5518000000,2748000000,8228000000,219000000,-135000000,None,135000000,-7000000,-111000000,None,166000000,7878000000,1320000000,135000000,6558000000,7104000000,8013000000,8179000000,6558000000,Microsoft Corporation,MSFT
2013-09-30,USD,13384000000,18529000000,5145000000,5145000000,6334000000,4314000000,2767000000,7050000000,179000000,-118000000,None,118000000,58000000,80000000,None,162000000,6408000000,1164000000,118000000,5244000000,6232000000,6526000000,6688000000,5244000000,Microsoft Corporation,MSFT
2013-06-30,USD,14294000000,20032000000,5738000000,5602000000,6073000000,5438000000,2783000000,8085000000,202000000,-120000000,None,120000000,-146000000,105000000,None,176000000,6145000000,1180000000,120000000,14294000000,4503000000,6265000000,6441000000,4965000000,Microsoft Corporation,MSFT
2013-03-31,USD,15702000000,20489000000,4787000000,4787000000,7612000000,5450000000,2640000000,8090000000,150000000,-109000000,None,109000000,-27000000,-80000000,None,187000000,7603000000,1548000000,109000000,6055000000,6254000000,7712000000,7899000000,6055000000,Microsoft Corporation,MSFT
2012-12-31,USD,15764000000,21456000000,5692000000,5692000000,7771000000,5465000000,2528000000,7993000000,166000000,-105000000,None,105000000,-72000000,-33000000,None,198000000,7770000000,1393000000,105000000,6377000000,6563000000,7875000000,8073000000,6377000000,Microsoft Corporation,MSFT
2012-09-30,USD,11840000000,16008000000,4168000000,4168000000,5308000000,4072000000,2460000000,6532000000,159000000,-95000000,None,95000000,-25000000,202000000,None,178000000,5534000000,1068000000,95000000,4466000000,4864000000,5629000000,5807000000,4466000000,Microsoft Corporation,MSFT
2012-06-30,USD,13896000000,18059000000,4163000000,4163000000,192000000,4917000000,2594000000,13704000000,227000000,-96000000,None,96000000,-151000000,-25000000,None,152000000,359000000,851000000,96000000,7703000000,-402000000,455000000,607000000,-492000000,Microsoft Corporation,MSFT
2012-03-31,USD,13455000000,17407000000,3952000000,3952000000,6374000000,4564000000,2517000000,7081000000,180000000,-95000000,None,95000000,-110000000,-20000000,None,142000000,6363000000,1255000000,95000000,5108000000,5614000000,6458000000,6600000000,5108000000,Microsoft Corporation,MSFT
2011-12-31,USD,15247000000,20885000000,5638000000,5638000000,7994000000,4882000000,2371000000,7253000000,182000000,-95000000,None,95000000,-207000000,50000000,None,155000000,8239000000,1615000000,95000000,6624000000,6699000000,8334000000,8489000000,6624000000,Microsoft Corporation,MSFT
2011-09-30,USD,13595000000,17372000000,3777000000,3777000000,7203000000,4063000000,2329000000,6392000000,211000000,-94000000,None,94000000,-13000000,-4000000,None,109000000,7306000000,1568000000,94000000,5738000000,4626000000,7400000000,7509000000,5738000000,Microsoft Corporation,MSFT
2011-06-30,USD,13659000000,17367000000,3708000000,3708000000,6171000000,5095000000,2393000000,7325000000,269000000,-94000000,None,94000000,-127000000,0,None,125000000,6319000000,445000000,94000000,13659000000,6682000000,6413000000,6538000000,5874000000,Microsoft Corporation,MSFT
2011-03-31,USD,12531000000,16428000000,3897000000,3897000000,5709000000,4553000000,2269000000,6971000000,216000000,-84000000,None,84000000,-10000000,7000000,None,162000000,6025000000,793000000,84000000,5232000000,5232000000,6109000000,6271000000,5232000000,Microsoft Corporation,MSFT
2010-12-31,USD,15120000000,19953000000,4833000000,4833000000,8165000000,4770000000,2185000000,6919000000,205000000,-72000000,None,72000000,81000000,0,None,126000000,8497000000,1863000000,72000000,6634000000,6634000000,8569000000,8695000000,6634000000,Microsoft Corporation,MSFT
2010-09-30,USD,13056000000,16195000000,3139000000,3139000000,7116000000,3744000000,2196000000,5990000000,210000000,-45000000,None,45000000,-47000000,-38000000,None,124000000,7230000000,1820000000,45000000,5410000000,5410000000,7275000000,7399000000,5410000000,Microsoft Corporation,MSFT
2010-06-30,USD,12869000000,16039000000,3170000000,3170000000,5930000000,4589000000,2350000000,7937000000,239000000,-37000000,None,37000000,-138000000,-19000000,None,718000000,6024000000,1506000000,37000000,12869000000,4518000000,6061000000,7052000000,4518000000,Microsoft Corporation,MSFT
2010-03-31,USD,11748000000,14503000000,2755000000,2755000000,5173000000,4355000000,2220000000,6575000000,204000000,-38000000,None,38000000,-125000000,-10000000,None,694000000,5341000000,1335000000,38000000,4006000000,4006000000,5379000000,6071000000,4006000000,Microsoft Corporation,MSFT
2009-12-31,USD,15394000000,19022000000,3628000000,3628000000,8513000000,4743000000,2079000000,6881000000,197000000,-38000000,None,38000000,73000000,46000000,None,615000000,8883000000,2221000000,38000000,6662000000,6662000000,8921000000,9325000000,6662000000,Microsoft Corporation,MSFT
2009-09-30,USD,10078000000,12920000000,2842000000,2842000000,4482000000,3531000000,2065000000,5596000000,203000000,-38000000,None,38000000,51000000,-3000000,None,646000000,4765000000,1191000000,38000000,3574000000,3574000000,4803000000,5331000000,3574000000,Microsoft Corporation,MSFT
2009-06-30,USD,10513000000,13099000000,2586000000,2586000000,3987000000,1399000000,2225000000,6526000000,None,None,None,38000000,None,None,None,681000000,4142000000,1097000000,None,None,None,3987000000,4673000000,3045000000,Microsoft Corporation,MSFT
2009-03-31,USD,10834000000,13648000000,2814000000,2814000000,4438000000,1203000000,2212000000,6396000000,None,None,None,None,None,None,None,664000000,4050000000,1073000000,None,None,None,4438000000,5654000000,2977000000,Microsoft Corporation,MSFT
2008-12-31,USD,12722000000,16629000000,3907000000,3907000000,5939000000,831000000,2290000000,6783000000,None,None,None,None,None,None,None,632000000,5638000000,1464000000,None,None,None,5939000000,7047000000,4174000000,Microsoft Corporation,MSFT
2008-09-30,USD,12213000000,15061000000,2848000000,2848000000,5999000000,887000000,2283000000,6214000000,None,None,None,None,None,None,None,585000000,5991000000,1618000000,None,None,None,5999000000,6799000000,4373000000,Microsoft Corporation,MSFT
2008-06-30,USD,12971000000,15837000000,2866000000,2866000000,5684000000,887000000,2407000000,7287000000,None,None,None,106000000,None,None,None,608000000,5968000000,1671000000,None,None,None,5617000000,6225000000,4297000000,Microsoft Corporation,MSFT
2008-03-31,USD,11940000000,14454000000,2514000000,2514000000,4409000000,2341000000,2035000000,7531000000,None,None,None,None,None,None,None,532000000,4810000000,422000000,None,None,None,4234000000,4766000000,4388000000,Microsoft Corporation,MSFT
2007-12-31,USD,12824000000,16367000000,3543000000,3543000000,6481000000,1066000000,1885000000,6343000000,None,None,None,None,None,None,None,481000000,6820000000,2113000000,None,None,None,6348000000,6829000000,4707000000,Microsoft Corporation,MSFT
2007-09-30,USD,11087000000,13762000000,2675000000,2675000000,5918000000,718000000,1837000000,5169000000,None,None,None,None,None,None,None,435000000,6216000000,1927000000,None,None,None,5859000000,6294000000,4289000000,Microsoft Corporation,MSFT
2024-06-30,USD,49228000000,84735000000,35507000000,35507000000,27425000000,9950000000,11860000000,21810000000,None,1023000000,1090000000,43000000,84735000000,140000000,3708000000,None,27551000000,3932000000,67000000,23619000000,23446000000,27425000000,None,23619000000,Alphabet Inc.,GOOGL
2024-03-31,USD,46662000000,80374000000,33712000000,33404000000,25472000000,9452000000,11903000000,21355000000,None,-94000000,1061000000,94000000,80468000000,255000000,3413000000,3413000000,28315000000,4653000000,94000000,23662000000,23225000000,28409000000,30185000000,23662000000,Alphabet Inc.,GOOGL
2023-12-31,USD,47494000000,85069000000,37575000000,37575000000,23697000000,12925000000,12113000000,26241000000,None,-69000000,1110000000,69000000,85138000000,-47000000,None,1563000000,24412000000,3725000000,69000000,20687000000,23321000000,24481000000,26022000000,20687000000,Alphabet Inc.,GOOGL
2023-09-30,USD,43078000000,76307000000,33229000000,33229000000,21343000000,10863000000,11258000000,22223000000,None,-116000000,1066000000,116000000,76423000000,120000000,None,3800000000,21197000000,1508000000,116000000,19689000000,18644000000,21313000000,26293000000,19689000000,Alphabet Inc.,GOOGL
2023-06-30,USD,42467000000,74383000000,31916000000,31916000000,21838000000,10262000000,10588000000,20920000000,None,-43000000,892000000,43000000,74426000000,94000000,2824000000,4282000000,21903000000,3535000000,43000000,18368000000,18377000000,21946000000,26120000000,18368000000,Alphabet Inc.,GOOGL
2023-03-31,USD,39074000000,69686000000,30612000000,30612000000,17415000000,10292000000,11468000000,24318000000,None,-80000000,797000000,80000000,69766000000,132000000,2635000000,4182000000,18205000000,3154000000,80000000,15051000000,16654000000,18285000000,21597000000,15051000000,Alphabet Inc.,GOOGL
2022-12-31,USD,38949000000,74291000000,35342000000,35342000000,18160000000,12279000000,10267000000,22546000000,None,-90000000,659000000,90000000,74381000000,104000000,None,5126000000,17147000000,3523000000,90000000,13624000000,14873000000,17237000000,23286000000,13624000000,Alphabet Inc.,GOOGL
2022-09-30,USD,38262000000,69420000000,31158000000,31158000000,17135000000,10526000000,10273000000,20799000000,None,-101000000,615000000,101000000,69521000000,143000000,None,4759000000,16233000000,2323000000,101000000,13910000000,10886000000,16334000000,21894000000,13910000000,Alphabet Inc.,GOOGL
2022-06-30,USD,39639000000,69743000000,30104000000,30104000000,19453000000,10287000000,9841000000,20128000000,None,-83000000,486000000,83000000,69826000000,259000000,None,4844000000,19014000000,3012000000,83000000,16002000000,14223000000,19097000000,24297000000,16002000000,Alphabet Inc.,GOOGL
2022-03-31,USD,38460000000,68059000000,29599000000,29599000000,20094000000,9199000000,9119000000,18318000000,None,-83000000,414000000,83000000,68142000000,-125000000,None,4215000000,18934000000,2498000000,83000000,16436000000,14010000000,19017000000,24309000000,16436000000,Alphabet Inc.,GOOGL
2021-12-31,USD,42152000000,75140000000,32988000000,32988000000,21885000000,11744000000,8708000000,20452000000,None,-117000000,378000000,117000000,-181639000000,120000000,None,3439000000,24402000000,3760000000,117000000,20642000000,19427000000,24519000000,25643000000,20642000000,Alphabet Inc.,GOOGL
2021-09-30,USD,37307000000,64928000000,27621000000,27621000000,21031000000,8772000000,7694000000,16466000000,None,-77000000,387000000,77000000,65005000000,8000000,None,3304000000,23064000000,4128000000,77000000,18936000000,18338000000,23141000000,24426000000,18936000000,Alphabet Inc.,GOOGL
2021-06-30,USD,35653000000,61880000000,26227000000,26227000000,19361000000,8617000000,7675000000,16292000000,None,-76000000,389000000,76000000,61960000000,-90000000,None,2945000000,21985000000,3460000000,76000000,18525000000,18718000000,22061000000,22174000000,18525000000,Alphabet Inc.,GOOGL
2021-03-31,USD,31211000000,55314000000,24103000000,24103000000,16437000000,7289000000,7485000000,14774000000,None,-76000000,345000000,76000000,55519000000,373000000,None,2753000000,21283000000,3353000000,76000000,17930000000,17294000000,21359000000,19248000000,17930000000,Alphabet Inc.,GOOGL
2020-12-31,USD,30038000000,56118000000,26080000000,26080000000,15651000000,8145000000,7022000000,15167000000,None,-53000000,386000000,53000000,-125497000000,-420000000,None,3725000000,18689000000,3462000000,53000000,15227000000,15814000000,18742000000,19292000000,15227000000,Alphabet Inc.,GOOGL
2020-09-30,USD,25013000000,46130000000,21117000000,21117000000,11213000000,6987000000,6856000000,13843000000,None,-48000000,460000000,48000000,46178000000,-88000000,None,3478000000,13359000000,2112000000,48000000,11247000000,11589000000,13407000000,14954000000,11247000000,Alphabet Inc.,GOOGL
2020-06-30,USD,19744000000,38297000000,18553000000,18553000000,6383000000,6486000000,6875000000,13361000000,None,-13000000,433000000,13000000,38761000000,-147000000,None,3386000000,8277000000,1318000000,13000000,6959000000,7760000000,8290000000,9926000000,6959000000,Alphabet Inc.,GOOGL
2020-03-31,USD,22177000000,41159000000,18982000000,18982000000,7977000000,7380000000,6820000000,14200000000,None,-21000000,586000000,21000000,41310000000,18000000,None,3108000000,7757000000,921000000,21000000,6836000000,6971000000,7778000000,11769000000,6836000000,Alphabet Inc.,GOOGL
2019-12-31,USD,24855000000,45569000000,21020000000,21020000000,9266000000,8567000000,7222000000,15789000000,None,-17000000,621000000,17000000,45892000000,-72000000,None,3413000000,10704000000,33000000,17000000,10671000000,10635000000,10721000000,13695000000,10671000000,Alphabet Inc.,GOOGL
2019-09-30,USD,22935000000,40503000000,17568000000,17568000000,9177000000,7200000000,6554000000,13754000000,None,-23000000,631000000,23000000,40526000000,68000000,None,2920000000,8628000000,1560000000,23000000,7068000000,6963000000,8651000000,13009000000,7068000000,Alphabet Inc.,GOOGL
2019-06-30,USD,21749000000,39045000000,17296000000,17296000000,9180000000,6255000000,6213000000,12468000000,None,-25000000,653000000,25000000,39070000000,53000000,None,2835000000,12147000000,2200000000,25000000,9947000000,10636000000,12172000000,12262000000,9947000000,Alphabet Inc.,GOOGL
2019-03-31,USD,20327000000,36339000000,16012000000,16012000000,6608000000,5993000000,6029000000,12022000000,None,-35000000,1417000000,35000000,36453000000,53000000,None,2613000000,8146000000,1489000000,35000000,6657000000,7213000000,8181000000,11336000000,6657000000,Alphabet Inc.,GOOGL
2018-12-31,USD,21358000000,39276000000,17918000000,17918000000,8221000000,7121000000,6034000000,13155000000,None,-29000000,None,29000000,40666000000,68000000,None,2580000000,10072000000,1124000000,29000000,8948000000,8318000000,10101000000,11412000000,8948000000,Alphabet Inc.,GOOGL
2018-09-30,USD,19459000000,33740000000,14281000000,14281000000,8625000000,5917000000,5232000000,11149000000,None,-28000000,None,28000000,34059000000,49000000,None,2355000000,10083000000,891000000,28000000,9192000000,9041000000,10111000000,11168000000,9192000000,Alphabet Inc.,GOOGL
2018-06-30,USD,18774000000,32657000000,13883000000,13883000000,3045000000,5782000000,5114000000,10896000000,None,-27000000,None,27000000,33145000000,49000000,None,2114000000,4215000000,1020000000,27000000,3195000000,2340000000,4242000000,10392000000,3195000000,Alphabet Inc.,GOOGL
2018-03-31,USD,17679000000,31146000000,13467000000,13467000000,7633000000,5639000000,5039000000,10678000000,None,-30000000,None,30000000,31122000000,212000000,None,1986000000,10543000000,1142000000,30000000,9401000000,9821000000,10573000000,9591000000,9401000000,Alphabet Inc.,GOOGL
2017-12-31,USD,18056000000,32323000000,14267000000,14267000000,7696000000,6086000000,4306000000,10392000000,None,-36000000,None,36000000,-20000000,43000000,None,2026000000,8018000000,11038000000,36000000,-3083000000,-3266000000,8054000000,10134000000,-3020000000,Alphabet Inc.,GOOGL
2017-09-30,USD,16624000000,27772000000,11148000000,11148000000,7782000000,4637000000,4205000000,8842000000,None,-27000000,None,27000000,-53000000,47000000,None,1761000000,7979000000,1247000000,27000000,6701000000,7714000000,8006000000,9896000000,6732000000,Alphabet Inc.,GOOGL
2017-06-30,USD,15637000000,26010000000,10373000000,10373000000,4132000000,4597000000,4172000000,8769000000,None,-21000000,None,21000000,-46000000,34000000,None,1625000000,4377000000,853000000,21000000,3511000000,3965000000,4398000000,8821000000,3524000000,Alphabet Inc.,GOOGL
2017-03-31,USD,14955000000,24750000000,9795000000,9795000000,6568000000,4445000000,3942000000,8387000000,None,-25000000,None,25000000,-2000000,34000000,None,1503000000,6819000000,1393000000,25000000,5377000000,5659000000,6844000000,8417000000,5426000000,Alphabet Inc.,GOOGL
2016-12-31,USD,15403000000,26064000000,10661000000,10661000000,6639000000,5142000000,3622000000,8764000000,None,-33000000,None,33000000,-38000000,35000000,None,1687000000,6857000000,1524000000,33000000,5542000000,3963000000,6890000000,8686000000,5333000000,Alphabet Inc.,GOOGL
2016-09-30,USD,13752000000,22451000000,8699000000,8699000000,5767000000,4389000000,3596000000,7985000000,None,-29000000,None,29000000,-123000000,22000000,None,1596000000,6045000000,984000000,29000000,5000000000,5180000000,6074000000,7703000000,5061000000,Alphabet Inc.,GOOGL
2016-06-30,USD,13370000000,21500000000,8130000000,8130000000,5968000000,4039000000,3363000000,7402000000,None,-32000000,None,32000000,-128000000,18000000,None,1490000000,6119000000,1242000000,32000000,4834000000,5020000000,6151000000,7783000000,4877000000,Alphabet Inc.,GOOGL
2016-03-31,USD,12609000000,20257000000,7648000000,7648000000,5342000000,3900000000,3367000000,7267000000,None,-30000000,None,30000000,-186000000,13000000,None,1371000000,5129000000,922000000,30000000,4102000000,4787000000,5159000000,6996000000,4207000000,Alphabet Inc.,GOOGL
2015-12-31,USD,13141000000,21329000000,8188000000,8188000000,5380000000,4251000000,3510000000,7761000000,None,-26000000,None,26000000,-161000000,35000000,None,1404000000,5200000000,277000000,26000000,4923000000,4641000000,5226000000,7093000000,4923000000,Alphabet Inc.,GOOGL
2015-09-30,USD,11638000000,18675000000,7037000000,7037000000,4708000000,3700000000,3230000000,6930000000,None,-26000000,None,26000000,-100000000,49000000,None,1248000000,4891000000,912000000,26000000,3979000000,3316000000,4917000000,5956000000,3979000000,Alphabet Inc.,GOOGL
2015-06-30,USD,11144000000,17727000000,6583000000,6583000000,4825000000,1450000000,2789000000,6319000000,None,None,None,26000000,None,33000000,None,1234000000,4956000000,1025000000,None,3409000000,3373000000,4982000000,6059000000,3931000000,Alphabet Inc.,GOOGL
2015-03-31,USD,10902000000,17258000000,6356000000,6356000000,4447000000,1637000000,2753000000,6455000000,None,None,None,26000000,None,35000000,None,1177000000,4604000000,1089000000,None,3515000000,3117000000,4630000000,5624000000,3515000000,Alphabet Inc.,GOOGL
2014-12-31,USD,11182000000,18103000000,6921000000,6921000000,4399000000,1593000000,2813000000,6783000000,None,None,None,25000000,None,51000000,None,1267000000,5494000000,819000000,None,3708000000,4784000000,5519000000,5666000000,4675000000,Alphabet Inc.,GOOGL
2014-09-30,USD,9828000000,16523000000,6695000000,6695000000,3724000000,1365000000,2655000000,6104000000,None,None,None,25000000,None,26000000,None,1547000000,3672000000,933000000,None,2924000000,2155000000,3697000000,5271000000,2739000000,Alphabet Inc.,GOOGL
2024-03-31,USD,29815000000,36455000000,6640000000,6620000000,13818000000,6019000000,9978000000,16237000000,None,513000000,585000000,127000000,36455000000,None,3330000000,3374000000,14183000000,1814000000,None,12369000000,11869000000,13818000000,17832000000,12369000000,"Meta Platforms, Inc.",META
2023-12-31,USD,31910000000,39605000000,7695000000,7695000000,16384000000,5515000000,10517000000,17245000000,None,-140000000,588000000,140000000,39745000000,None,3140000000,123000000,16807000000,2790000000,140000000,14017000000,15418000000,16384000000,17070000000,14017000000,"Meta Platforms, Inc.",META
2023-09-30,USD,27799000000,34009000000,6210000000,6210000000,13748000000,4947000000,9241000000,14300000000,None,-137000000,534000000,137000000,34146000000,None,2830000000,112000000,14020000000,2437000000,137000000,11583000000,11133000000,13748000000,14269000000,11583000000,"Meta Platforms, Inc.",META
2023-06-30,USD,25939000000,31884000000,5945000000,5945000000,9392000000,7318000000,9344000000,16787000000,None,-115000000,323000000,115000000,31999000000,-99000000,2580000000,125000000,9293000000,1505000000,115000000,7788000000,7663000000,9392000000,9533000000,7788000000,"Meta Platforms, Inc.",META
2023-03-31,USD,22483000000,28591000000,6108000000,6108000000,7227000000,5929000000,9381000000,16231000000,None,-54000000,193000000,54000000,28645000000,80000000,2480000000,151000000,7307000000,1598000000,54000000,5709000000,6258000000,7227000000,7512000000,5709000000,"Meta Platforms, Inc.",META
2022-12-31,USD,23584000000,31920000000,8336000000,8336000000,6399000000,7659000000,9771000000,17159000000,None,-164000000,9000000,164000000,32084000000,-249000000,2330000000,142000000,6149000000,1496000000,164000000,4653000000,6177000000,6399000000,6455000000,4653000000,"Meta Platforms, Inc.",META
2022-09-30,USD,21994000000,27710000000,5716000000,5716000000,5664000000,7164000000,9170000000,17237000000,None,-4000000,77000000,4000000,27714000000,-88000000,2130000000,137000000,5576000000,1181000000,4000000,4395000000,2752000000,5664000000,5717000000,4395000000,"Meta Platforms, Inc.",META
2022-06-30,USD,23626000000,28818000000,5192000000,5192000000,8358000000,6582000000,8690000000,15420000000,None,-4000000,91000000,4000000,28822000000,-172000000,1930000000,148000000,8186000000,1499000000,4000000,6687000000,5272000000,8358000000,8338000000,6687000000,"Meta Platforms, Inc.",META
2022-03-31,USD,21899000000,27904000000,6005000000,6005000000,8524000000,5672000000,7707000000,13517000000,None,-4000000,384000000,4000000,27908000000,384000000,2120000000,138000000,8908000000,1443000000,4000000,7465000000,6162000000,8524000000,9050000000,7465000000,"Meta Platforms, Inc.",META
2021-12-31,USD,27179000000,33527000000,6348000000,6348000000,12585000000,7692000000,7046000000,14873000000,None,-4000000,117000000,4000000,33531000000,118000000,1970000000,135000000,12703000000,2418000000,4000000,10285000000,9799000000,12585000000,12842000000,10285000000,"Meta Platforms, Inc.",META
2021-09-30,USD,23235000000,29006000000,5771000000,5771000000,10423000000,6500000000,6316000000,13028000000,None,-4000000,120000000,4000000,29010000000,142000000,1870000000,212000000,10565000000,1371000000,4000000,9194000000,8702000000,10423000000,10781000000,9194000000,"Meta Platforms, Inc.",META
2021-06-30,USD,23674000000,29073000000,5399000000,5399000000,12367000000,5215000000,6096000000,11516000000,None,-4000000,121000000,4000000,29077000000,146000000,1860000000,205000000,12513000000,2119000000,4000000,10394000000,10525000000,12367000000,12722000000,10394000000,"Meta Platforms, Inc.",META
2021-03-31,USD,21036000000,26167000000,5131000000,5131000000,11378000000,4465000000,5197000000,9861000000,None,-4000000,118000000,4000000,26171000000,125000000,1850000000,199000000,11503000000,2006000000,4000000,9497000000,8724000000,11378000000,11706000000,9497000000,"Meta Platforms, Inc.",META
2020-12-31,USD,22730000000,27940000000,5210000000,5210000000,12775000000,4880000000,5207000000,10282000000,None,-3000000,136000000,3000000,27943000000,280000000,1740000000,195000000,13055000000,1836000000,3000000,11219000000,11838000000,12775000000,13253000000,11219000000,"Meta Platforms, Inc.",META
2020-09-30,USD,17272000000,21466000000,4194000000,4194000000,8040000000,4473000000,4763000000,9424000000,None,-4000000,146000000,4000000,21470000000,93000000,1580000000,188000000,8133000000,287000000,4000000,7846000000,8296000000,8040000000,8325000000,7846000000,"Meta Platforms, Inc.",META
2020-06-30,USD,14854000000,18683000000,3829000000,3829000000,5963000000,4433000000,4462000000,9073000000,None,-4000000,162000000,4000000,18687000000,168000000,1580000000,178000000,6131000000,953000000,4000000,5178000000,5580000000,5963000000,6313000000,5178000000,"Meta Platforms, Inc.",META
2020-03-31,USD,14275000000,17734000000,3459000000,3459000000,5893000000,4370000000,4015000000,8753000000,None,-3000000,228000000,3000000,17737000000,-32000000,1490000000,171000000,5861000000,959000000,3000000,4902000000,4847000000,5893000000,6035000000,4902000000,"Meta Platforms, Inc.",META
2019-12-31,USD,17475000000,20966000000,3491000000,3492000000,8858000000,4855000000,3878000000,8893000000,None,-11000000,249000000,11000000,20977000000,311000000,1360000000,160000000,9169000000,1820000000,11000000,7349000000,7709000000,8858000000,9340000000,7349000000,"Meta Platforms, Inc.",META
2019-09-30,USD,14493000000,17648000000,3155000000,3155000000,7185000000,3764000000,3548000000,7508000000,None,-4000000,258000000,4000000,17652000000,144000000,1270000000,196000000,7329000000,1238000000,4000000,6091000000,5725000000,7185000000,7529000000,6091000000,"Meta Platforms, Inc.",META
2019-06-30,USD,13576000000,16883000000,3307000000,3307000000,4626000000,5638000000,3315000000,9156000000,None,-3000000,219000000,3000000,16886000000,206000000,1340000000,203000000,4832000000,2216000000,3000000,2616000000,2914000000,4626000000,5038000000,2616000000,"Meta Platforms, Inc.",META
2019-03-31,USD,12261000000,15077000000,2816000000,2816000000,3317000000,6084000000,2860000000,9100000000,None,-2000000,198000000,2000000,15077000000,165000000,1200000000,156000000,3482000000,1053000000,2000000,2429000000,2408000000,3317000000,3640000000,2429000000,"Meta Platforms, Inc.",META
2018-12-31,USD,13896000000,16692000000,2796000000,2796000000,7820000000,3443000000,2855000000,6532000000,None,None,None,187000000,16701000000,151000000,None,157000000,7971000000,1089000000,None,6882000000,6899000000,7820000000,7977000000,6882000000,"Meta Platforms, Inc.",META
2018-09-30,USD,11309000000,13727000000,2418000000,2418000000,5781000000,2871000000,2657000000,5684000000,None,None,None,176000000,13727000000,131000000,None,156000000,5912000000,775000000,None,5137000000,5078000000,5781000000,5937000000,5137000000,"Meta Platforms, Inc.",META
2018-06-30,USD,11017000000,13231000000,2214000000,2214000000,5863000000,2631000000,2523000000,5312000000,None,None,None,143000000,13231000000,5000000,None,158000000,5868000000,762000000,None,5106000000,4713000000,5863000000,6021000000,5106000000,"Meta Platforms, Inc.",META
2018-03-31,USD,10039000000,11966000000,1927000000,1927000000,5449000000,2352000000,2238000000,4759000000,None,None,None,145000000,11966000000,161000000,None,169000000,5610000000,622000000,None,4988000000,4921000000,5449000000,5618000000,4988000000,"Meta Platforms, Inc.",META
2017-12-31,USD,11361000000,12972000000,1611000000,1611000000,7352000000,2060000000,1949000000,4227000000,None,None,None,126000000,-27687000000,109000000,None,170000000,7462000000,3193000000,None,4269000000,4242000000,7352000000,7522000000,4269000000,"Meta Platforms, Inc.",META
2017-09-30,USD,8880000000,10328000000,1448000000,1448000000,5122000000,1706000000,2052000000,3931000000,None,None,None,108000000,10328000000,114000000,None,173000000,5236000000,529000000,None,4707000000,4877000000,5122000000,5295000000,4707000000,"Meta Platforms, Inc.",META
2017-06-30,USD,8084000000,9321000000,1237000000,1237000000,4401000000,1764000000,1919000000,3857000000,None,None,None,91000000,9321000000,87000000,None,174000000,4488000000,594000000,None,3894000000,4150000000,4401000000,4575000000,3894000000,"Meta Platforms, Inc.",META
2017-03-31,USD,6873000000,8032000000,1159000000,1159000000,3327000000,1712000000,1834000000,3721000000,None,None,None,67000000,8032000000,81000000,None,175000000,3408000000,344000000,None,3064000000,3141000000,3327000000,3502000000,3064000000,"Meta Platforms, Inc.",META
2016-12-31,USD,7762000000,8809000000,1047000000,1047000000,4567000000,1636000000,1563000000,3459000000,None,None,None,56000000,None,-32000000,None,183000000,4533000000,964000000,None,4273000000,3238000000,4567000000,4750000000,3569000000,"Meta Platforms, Inc.",META
2016-09-30,USD,6024000000,7011000000,987000000,987000000,3117000000,1363000000,1542000000,3097000000,None,None,None,50000000,None,47000000,None,195000000,3164000000,537000000,None,2379000000,2629000000,3117000000,3312000000,2627000000,"Meta Platforms, Inc.",META
2016-06-30,USD,5519000000,6436000000,917000000,916000000,2734000000,1311000000,1471000000,2967000000,None,None,None,32000000,None,20000000,None,193000000,2754000000,471000000,None,2055000000,2186000000,2734000000,2927000000,2283000000,"Meta Platforms, Inc.",META
2016-03-31,USD,4544000000,5382000000,838000000,838000000,2010000000,1192000000,1343000000,2715000000,None,None,None,27000000,None,56000000,None,180000000,2066000000,328000000,None,1510000000,1917000000,2010000000,2190000000,1738000000,"Meta Platforms, Inc.",META
2015-12-31,USD,5017000000,5841000000,824000000,824000000,2560000000,1143000000,1314000000,2692000000,None,None,None,14000000,None,-3000000,None,191000000,2557000000,996000000,None,1561000000,1486000000,2560000000,2751000000,1561000000,"Meta Platforms, Inc.",META
2015-09-30,USD,3781000000,4501000000,720000000,720000000,1459000000,1051000000,1271000000,2502000000,None,None,None,7000000,None,-27000000,None,180000000,1432000000,536000000,None,896000000,873000000,1459000000,1639000000,896000000,"Meta Platforms, Inc.",META
2015-06-30,USD,3374000000,4042000000,668000000,668000000,1273000000,931000000,1170000000,2281000000,None,None,None,5000000,None,None,None,180000000,1273000000,554000000,None,719000000,809000000,1273000000,1453000000,719000000,"Meta Platforms, Inc.",META
2015-03-31,USD,2889000000,3543000000,654000000,654000000,933000000,894000000,1062000000,2135000000,None,None,None,2000000,None,-1000000,None,179000000,932000000,420000000,None,512000000,293000000,933000000,1112000000,512000000,"Meta Platforms, Inc.",META
2014-12-31,USD,3199000000,3851000000,652000000,653000000,1133000000,955000000,1111000000,2263000000,None,None,None,23000000,None,-19000000,None,178000000,1114000000,413000000,None,701000000,582000000,1133000000,1311000000,701000000,"Meta Platforms, Inc.",META
2014-09-30,USD,2638000000,3203000000,565000000,565000000,1397000000,633000000,608000000,1300000000,None,None,None,4000000,None,-61000000,None,59000000,1336000000,530000000,None,806000000,702000000,1397000000,1456000000,806000000,"Meta Platforms, Inc.",META
2014-06-30,USD,2437000000,2910000000,473000000,473000000,1390000000,555000000,492000000,1088000000,None,None,None,4000000,None,-4000000,None,41000000,1386000000,595000000,None,791000000,771000000,1390000000,1431000000,791000000,"Meta Platforms, Inc.",META
2014-03-31,USD,2040000000,2502000000,462000000,462000000,1075000000,510000000,455000000,1006000000,None,None,None,None,None,None,None,41000000,1075000000,433000000,None,642000000,643000000,1075000000,1116000000,642000000,"Meta Platforms, Inc.",META
2013-12-31,USD,2095000000,2586000000,491000000,491000000,1132000000,554000000,409000000,1025000000,None,-6000000,None,6000000,-31000000,3000000,None,39000000,1130000000,607000000,6000000,523000000,524000000,1136000000,1175000000,523000000,"Meta Platforms, Inc.",META
2013-09-30,USD,1509000000,2016000000,507000000,507000000,736000000,404000000,369000000,831000000,None,-21000000,None,21000000,-59000000,11000000,None,37000000,726000000,301000000,21000000,425000000,466000000,747000000,784000000,425000000,"Meta Platforms, Inc.",META
2013-06-30,USD,1348000000,1813000000,465000000,465000000,562000000,442000000,344000000,893000000,None,-14000000,None,14000000,11000000,-3000000,None,36000000,545000000,212000000,14000000,333000000,319000000,559000000,595000000,333000000,"Meta Platforms, Inc.",META
2013-03-31,USD,1045000000,1458000000,413000000,413000000,373000000,379000000,293000000,711000000,None,-15000000,None,15000000,9000000,-5000000,None,33000000,353000000,134000000,15000000,219000000,202000000,368000000,401000000,219000000,"Meta Platforms, Inc.",META
2012-12-31,USD,1188000000,1585000000,397000000,398000000,523000000,368000000,297000000,707000000,None,-16000000,None,16000000,-1000000,-7000000,None,34000000,505000000,441000000,16000000,64000000,72000000,521000000,555000000,64000000,"Meta Platforms, Inc.",META
2012-09-30,USD,940000000,1262000000,322000000,322000000,377000000,319000000,244000000,605000000,None,-11000000,None,11000000,-12000000,6000000,None,31000000,372000000,431000000,11000000,-59000000,-36000000,383000000,414000000,-59000000,"Meta Platforms, Inc.",META
2012-06-30,USD,817000000,1184000000,367000000,367000000,-743000000,855000000,705000000,1578000000,None,-10000000,None,10000000,None,-12000000,None,8000000,-765000000,-608000000,10000000,-157000000,-179000000,-755000000,-747000000,-157000000,"Meta Platforms, Inc.",META
2012-03-31,USD,781000000,1058000000,277000000,277000000,381000000,88000000,153000000,400000000,None,None,None,13000000,None,None,None,110000000,382000000,177000000,None,None,204000000,381000000,491000000,205000000,"Meta Platforms, Inc.",META
2011-12-31,USD,884000000,1131000000,247000000,247000000,547000000,58000000,124000000,337000000,None,None,None,16000000,None,None,None,103000000,519000000,217000000,None,None,303000000,547000000,650000000,302000000,"Meta Platforms, Inc.",META
2011-09-30,USD,718000000,954000000,236000000,236000000,414000000,82000000,108000000,304000000,None,None,None,10000000,None,-25000000,None,97000000,379000000,152000000,None,None,225000000,414000000,511000000,227000000,"Meta Platforms, Inc.",META
2011-06-30,USD,685000000,895000000,210000000,210000000,407000000,83000000,99000000,278000000,None,None,None,9000000,None,1000000,None,72000000,399000000,159000000,None,None,240000000,407000000,479000000,240000000,"Meta Platforms, Inc.",META
2024-06-30,USD,20289000000,32796000000,12507000000,12471000000,7818000000,8024000000,None,12507000000,None,-1698000000,83000000,1698000000,89000000,-72000000,None,4483000000,5925000000,1332000000,1609000000,4702000000,4505000000,7623000000,12106000000,4593000000,Verizon Communications Inc.,VZ
2024-03-31,USD,20287000000,32981000000,12694000000,17317000000,7521000000,8143000000,None,13261000000,None,-1635000000,78000000,1635000000,110000000,198000000,None,4445000000,5955000000,1353000000,1525000000,4722000000,4783000000,7590000000,12035000000,4602000000,Verizon Communications Inc.,VZ
2023-12-31,USD,-5800000000,35130000000,5800000000,19698000000,600000000,8991000000,None,20473000000,None,-1599000000,89000000,1599000000,84000000,-807000000,None,4516000000,-1949000000,756000000,1515000000,-11600000000,-2657000000,-350000000,4166000000,-2705000000,Verizon Communications Inc.,VZ
2023-09-30,USD,20910000000,33336000000,12426000000,17868000000,7473000000,7995000000,None,12426000000,None,-1433000000,1451000000,1433000000,85000000,170000000,None,4431000000,6070000000,1308000000,1348000000,4884000000,5255000000,7503000000,11934000000,4762000000,Verizon Communications Inc.,VZ
2023-06-30,USD,19720000000,32596000000,12876000000,17123000000,7220000000,8253000000,None,12876000000,None,-1285000000,1318000000,1285000000,69000000,210000000,None,4359000000,5994000000,1346000000,1216000000,4766000000,4904000000,7279000000,11638000000,4648000000,Verizon Communications Inc.,VZ
2023-03-31,USD,21088000000,32912000000,11824000000,17822000000,7584000000,7506000000,None,12354000000,None,-1207000000,1198000000,1207000000,70000000,114000000,None,4318000000,6391000000,1482000000,1137000000,5018000000,4597000000,7598000000,11916000000,4909000000,Verizon Communications Inc.,VZ
2022-12-31,USD,25069000000,35251000000,10182000000,19980000000,7225000000,8046000000,None,13131000000,None,-1105000000,1101000000,1105000000,23000000,2687000000,None,4218000000,8690000000,2113000000,1082000000,6698000000,6412000000,9795000000,14013000000,6577000000,Verizon Communications Inc.,VZ
2022-09-30,USD,22495000000,34241000000,11746000000,18925000000,7894000000,7422000000,None,11746000000,None,-937000000,935000000,937000000,50000000,-439000000,None,4324000000,6396000000,1496000000,887000000,5024000000,4520000000,7333000000,11657000000,4900000000,Verizon Communications Inc.,VZ
2022-06-30,USD,21956000000,33789000000,11833000000,18741000000,7552000000,7496000000,None,11833000000,None,-785000000,21000000,785000000,50000000,49000000,None,4321000000,6741000000,1542000000,735000000,5315000000,4785000000,7526000000,11847000000,5199000000,Verizon Communications Inc.,VZ
2022-03-31,USD,22146000000,33554000000,11408000000,18586000000,7796000000,7172000000,None,11736000000,None,-786000000,10000000,786000000,-1200000000,-924000000,None,4236000000,5952000000,1372000000,1986000000,4711000000,4601000000,6738000000,10974000000,4580000000,Verizon Communications Inc.,VZ
2021-12-31,USD,26283000000,34067000000,7784000000,14996000000,7608000000,7412000000,None,11048000000,None,-739000000,604000000,739000000,-1390000000,-860000000,None,4051000000,6020000000,1407000000,3180000000,4737000000,4395000000,6759000000,10810000000,4613000000,Verizon Communications Inc.,VZ
2021-09-30,USD,22330000000,32915000000,10585000000,13528000000,8905000000,6521000000,None,10585000000,None,-801000000,800000000,801000000,0,269000000,None,3961000000,8227000000,1820000000,801000000,6554000000,5932000000,9028000000,12989000000,6407000000,Verizon Communications Inc.,VZ
2021-06-30,USD,22420000000,33764000000,11344000000,14255000000,8165000000,7324000000,None,11344000000,None,-844000000,843000000,844000000,-1100000000,502000000,None,4020000000,7675000000,1875000000,1944000000,5949000000,4926000000,8519000000,12539000000,5800000000,Verizon Communications Inc.,VZ
2021-03-31,USD,21292000000,32867000000,11575000000,13522000000,7770000000,7401000000,None,11799000000,None,-1101000000,1093000000,1101000000,2200000000,401000000,None,4174000000,6945000000,1700000000,1101000000,5378000000,5956000000,8046000000,12220000000,5245000000,Verizon Communications Inc.,VZ
2020-12-31,USD,21356000000,34692000000,13336000000,14822000000,7180000000,8493000000,None,13317000000,None,-1080000000,1091000000,1080000000,-129000000,164000000,None,4197000000,6123000000,1535000000,1209000000,4718000000,5329000000,7203000000,11400000000,4588000000,Verizon Communications Inc.,VZ
2020-09-30,USD,20012000000,31543000000,11531000000,12334000000,7678000000,7339000000,None,11531000000,None,-1044000000,1040000000,1044000000,0,-774000000,None,4192000000,5704000000,1347000000,1044000000,4504000000,4819000000,6748000000,10940000000,4357000000,Verizon Communications Inc.,VZ
2020-06-30,USD,19110000000,30447000000,11337000000,11749000000,7361000000,7156000000,None,11337000000,None,-1089000000,16000000,1089000000,-102000000,-72000000,None,4181000000,6048000000,1348000000,1089000000,4839000000,4928000000,7137000000,11318000000,4700000000,Verizon Communications Inc.,VZ
2020-03-31,USD,18875000000,31610000000,12735000000,12296000000,6579000000,8585000000,None,13288000000,None,-1034000000,20000000,1034000000,204000000,143000000,None,4150000000,5545000000,1389000000,1034000000,4287000000,1656000000,6579000000,10729000000,4156000000,Verizon Communications Inc.,VZ
2019-12-31,USD,34589000000,34775000000,186000000,15631000000,6639000000,8214000000,None,13521000000,None,-1159000000,27000000,1159000000,-3510000000,-1773000000,None,4105000000,3590000000,-1505000000,4763000000,6639000000,4989000000,4749000000,8854000000,5095000000,Verizon Communications Inc.,VZ
2019-09-30,USD,21564000000,32894000000,11330000000,13384000000,8180000000,7216000000,None,11069000000,None,-1146000000,34000000,1146000000,1406000000,-110000000,None,4114000000,6780000000,1586000000,1146000000,5337000000,4851000000,7926000000,12040000000,5194000000,Verizon Communications Inc.,VZ
2019-06-30,USD,20571000000,32071000000,11500000000,12721000000,7850000000,7268000000,None,11500000000,None,-1215000000,1197000000,1215000000,None,-1312000000,None,4232000000,5180000000,1236000000,1215000000,4074000000,3175000000,6395000000,10627000000,3944000000,Verizon Communications Inc.,VZ
2019-03-31,USD,20544000000,32128000000,11584000000,12990000000,7709000000,7198000000,None,11748000000,None,-1210000000,29000000,1210000000,None,295000000,None,4231000000,6660000000,1628000000,1210000000,5160000000,4878000000,7870000000,12101000000,5032000000,Verizon Communications Inc.,VZ
2018-12-31,USD,34281000000,34281000000,4600000000,15291000000,637000000,9410000000,None,20680000000,None,-1199000000,None,1199000000,0,1865000000,None,4352000000,1241000000,-698000000,1199000000,637000000,1108000000,2440000000,6792000000,1939000000,Verizon Communications Inc.,VZ
2018-09-30,USD,20869000000,32607000000,11738000000,13331000000,7675000000,7224000000,None,11738000000,None,-1211000000,None,1211000000,-500000000,214000000,None,4377000000,6537000000,1613000000,1711000000,5062000000,4920000000,7748000000,12125000000,4924000000,Verizon Communications Inc.,VZ
2018-06-30,USD,19828000000,32203000000,12375000000,13631000000,6617000000,7605000000,None,12375000000,None,-1222000000,None,1222000000,0,360000000,None,4350000000,5401000000,1281000000,1222000000,4246000000,3620000000,6623000000,10973000000,4120000000,Verizon Communications Inc.,VZ
2018-03-31,USD,7138000000,31772000000,24634000000,13255000000,7349000000,6844000000,None,11514000000,None,-1201000000,None,1201000000,-200000000,-75000000,None,4324000000,5933000000,1388000000,1401000000,4666000000,4961000000,7134000000,11458000000,4545000000,Verizon Communications Inc.,VZ
2017-12-31,USD,33955000000,33955000000,29173000000,15175000000,5459000000,8480000000,None,13812000000,None,-1219000000,None,1219000000,-700000000,-1302000000,None,4456000000,2820000000,-15849000000,1919000000,4793000000,18645000000,4039000000,8495000000,18669000000,Verizon Communications Inc.,VZ
2017-09-30,USD,7042000000,31717000000,24675000000,12605000000,6990000000,7483000000,None,12070000000,None,-1164000000,None,1164000000,-500000000,-291000000,None,4272000000,5395000000,1775000000,1664000000,3736000000,4019000000,6559000000,10831000000,3620000000,Verizon Communications Inc.,VZ
2017-06-30,USD,8080000000,30548000000,22468000000,12110000000,8013000000,5883000000,None,8584000000,None,-1218000000,None,1218000000,1774000000,199000000,None,4167000000,6851000000,2489000000,1218000000,4478000000,4037000000,8069000000,12236000000,4362000000,Verizon Communications Inc.,VZ
2017-03-31,USD,7030000000,29814000000,22784000000,11666000000,6963000000,6746000000,None,11171000000,None,-1132000000,None,1132000000,-800000000,-627000000,None,4059000000,5079000000,1629000000,1932000000,3553000000,3386000000,6211000000,10270000000,3450000000,Verizon Communications Inc.,VZ
2016-12-31,USD,32340000000,32340000000,24972000000,14362000000,8023000000,2501000000,None,10812000000,None,-1137000000,None,1137000000,-2807000000,-2092000000,None,3987000000,6844000000,2349000000,2937000000,8023000000,4410000000,7981000000,11968000000,4495000000,Verizon Communications Inc.,VZ
2016-09-30,USD,6540000000,30937000000,24397000000,12229000000,6540000000,8226000000,None,12168000000,None,-1038000000,None,1038000000,0,97000000,None,3942000000,5449000000,1829000000,1038000000,3747000000,3531000000,6487000000,10429000000,3620000000,Verizon Communications Inc.,VZ
2016-06-30,USD,4554000000,30532000000,25978000000,12221000000,4554000000,9775000000,None,13757000000,None,-1013000000,None,1013000000,-1800000000,-1826000000,None,3982000000,1566000000,864000000,2813000000,831000000,3090000000,2579000000,6561000000,702000000,Verizon Communications Inc.,VZ
2016-03-31,USD,8105000000,32171000000,24066000000,12612000000,7942000000,7600000000,None,11828000000,None,-1188000000,None,1188000000,2807000000,32000000,None,4017000000,6646000000,2336000000,1188000000,4430000000,4219000000,7834000000,11851000000,4310000000,Verizon Communications Inc.,VZ
2015-12-31,USD,34254000000,34254000000,23848000000,14707000000,9744000000,5764000000,None,10023000000,None,-1178000000,None,1178000000,None,28000000,None,4039000000,8456000000,3065000000,1178000000,9744000000,5341000000,9634000000,13673000000,5391000000,Verizon Communications Inc.,VZ
2015-09-30,USD,7535000000,33158000000,25623000000,13305000000,7535000000,8309000000,None,12318000000,None,-1202000000,None,1202000000,None,51000000,None,4009000000,6233000000,2195000000,1202000000,4171000000,3817000000,7435000000,11444000000,4038000000,Verizon Communications Inc.,VZ
2015-06-30,USD,7821000000,32224000000,24403000000,12449000000,7821000000,7974000000,None,11954000000,None,-1208000000,None,1208000000,None,32000000,None,3980000000,6505000000,2274000000,1208000000,4353000000,4136000000,7713000000,11693000000,4231000000,Verizon Communications Inc.,VZ
2015-03-31,USD,7960000000,31984000000,24024000000,12096000000,7960000000,7939000000,None,12311000000,None,-1332000000,None,1332000000,None,75000000,None,3989000000,6550000000,2331000000,1332000000,4338000000,4024000000,7882000000,11871000000,4219000000,Verizon Communications Inc.,VZ
2014-12-31,USD,33192000000,33192000000,35328000000,14403000000,-2136000000,16857000000,None,21336000000,None,-1282000000,None,1282000000,None,-437000000,None,4068000000,-3969000000,-1738000000,1282000000,-2136000000,-2295000000,-2687000000,1381000000,-2231000000,Verizon Communications Inc.,VZ
2014-09-30,USD,6890000000,31586000000,24696000000,12252000000,6890000000,8277000000,None,12444000000,None,-1255000000,None,1255000000,None,71000000,None,4167000000,5559000000,1864000000,1255000000,3794000000,3682000000,6814000000,10981000000,3695000000,Verizon Communications Inc.,VZ
2014-06-30,USD,7685000000,31483000000,23798000000,12087000000,7685000000,7550000000,None,12168000000,None,-1164000000,None,1164000000,None,66000000,None,4161000000,6434000000,2220000000,1164000000,4324000000,4112000000,7598000000,11759000000,4214000000,Verizon Communications Inc.,VZ
2014-03-31,USD,7160000000,30818000000,23658000000,11189000000,7160000000,8332000000,None,13914000000,None,-1214000000,None,1214000000,None,-894000000,None,4137000000,4915000000,968000000,1214000000,5986000000,2879000000,6129000000,10266000000,3947000000,Verizon Communications Inc.,VZ
2013-12-31,USD,31065000000,31065000000,19002000000,11962000000,12063000000,2857000000,None,10948000000,None,-1061000000,None,1061000000,None,-250000000,None,4183000000,7911000000,2844000000,1061000000,12063000000,5307000000,8972000000,13155000000,5067000000,Verizon Communications Inc.,VZ
2013-09-30,USD,7128000000,30279000000,23151000000,10960000000,7128000000,8037000000,None,12468000000,None,-555000000,None,555000000,None,20000000,None,4154000000,3266000000,1034000000,555000000,5578000000,2356000000,3821000000,7975000000,2232000000,Verizon Communications Inc.,VZ
2013-06-30,USD,6555000000,29786000000,23231000000,11033000000,6555000000,8047000000,None,12712000000,None,-514000000,None,514000000,None,25000000,None,4151000000,3234000000,988000000,514000000,5198000000,2184000000,3748000000,7899000000,2246000000,Verizon Communications Inc.,VZ
2013-03-31,USD,6222000000,29420000000,23198000000,10932000000,6222000000,8148000000,None,13063000000,None,-537000000,None,537000000,None,39000000,None,4118000000,2816000000,864000000,537000000,4855000000,1773000000,3353000000,7471000000,1952000000,Verizon Communications Inc.,VZ
2012-12-31,USD,30045000000,30045000000,33214000000,13069000000,-3169000000,16008000000,None,23483000000,None,-575000000,None,575000000,None,-1079000000,None,4137000000,-7039000000,-2810000000,575000000,-3169000000,-3251000000,-6464000000,-2327000000,-4229000000,Verizon Communications Inc.,VZ
2012-09-30,USD,5483000000,29007000000,23524000000,10991000000,5483000000,8366000000,None,13165000000,None,-632000000,None,632000000,None,10000000,None,4167000000,2224000000,631000000,632000000,4292000000,1703000000,2856000000,7023000000,1593000000,Verizon Communications Inc.,VZ
2012-06-30,USD,5651000000,28552000000,22901000000,10896000000,5651000000,7877000000,None,12684000000,None,-679000000,None,679000000,None,34000000,None,4128000000,2618000000,793000000,679000000,4285000000,1574000000,3297000000,7425000000,1825000000,Verizon Communications Inc.,VZ
2012-03-31,USD,5195000000,28242000000,23047000000,11319000000,5195000000,7700000000,None,12691000000,None,-685000000,None,685000000,None,19000000,None,4028000000,2412000000,726000000,685000000,3906000000,1815000000,3097000000,7125000000,1686000000,Verizon Communications Inc.,VZ
2011-12-31,USD,28436000000,28436000000,28548000000,12090000000,-1112000000,13278000000,None,19933000000,None,-703000000,None,703000000,None,-84000000,None,4180000000,-3613000000,-1590000000,703000000,-1112000000,-1791000000,-2910000000,1270000000,-2023000000,Verizon Communications Inc.,VZ
2011-09-30,USD,4647000000,27913000000,23266000000,11398000000,4647000000,7689000000,None,12566000000,None,-698000000,None,698000000,None,24000000,None,4179000000,1935000000,556000000,698000000,3542000000,1062000000,2633000000,6812000000,1379000000,Verizon Communications Inc.,VZ
2011-06-30,USD,4892000000,27536000000,22644000000,11158000000,4892000000,7373000000,None,12203000000,None,-717000000,None,717000000,None,10000000,None,4113000000,2311000000,702000000,717000000,3604000000,1670000000,3028000000,7141000000,1609000000,Verizon Communications Inc.,VZ
2011-03-31,USD,4453000000,26990000000,22537000000,11229000000,4453000000,7284000000,None,12287000000,None,-709000000,None,709000000,None,36000000,None,4024000000,2056000000,617000000,709000000,3264000000,1683000000,2765000000,6789000000,1439000000,Verizon Communications Inc.,VZ
2010-12-31,USD,26395000000,26395000000,21104000000,10610000000,6411000000,5291000000,None,14552000000,None,-567000000,None,567000000,None,43000000,None,4083000000,3991000000,1352000000,567000000,6411000000,4685000000,4558000000,8641000000,2639000000,Verizon Communications Inc.,VZ
2010-09-30,USD,2874000000,26484000000,23610000000,10671000000,3383000000,8407000000,None,12957000000,None,-597000000,None,597000000,None,-51000000,None,4023000000,837000000,178000000,597000000,3517000000,1134000000,1434000000,5457000000,659000000,Verizon Communications Inc.,VZ
2010-06-30,USD,1045000000,26773000000,25728000000,12216000000,410000000,9970000000,None,14168000000,None,-679000000,None,679000000,None,16000000,None,4177000000,-1877000000,-685000000,679000000,2226000000,-1297000000,-1198000000,2979000000,-1192000000,Verizon Communications Inc.,VZ
2010-03-31,USD,4351000000,26913000000,22562000000,10652000000,4441000000,7698000000,None,12896000000,None,-680000000,None,680000000,None,46000000,None,4122000000,2065000000,1622000000,680000000,2964000000,425000000,2745000000,6867000000,443000000,Verizon Communications Inc.,VZ
2009-12-31,USD,27091000000,27091000000,26162000000,12794000000,2953000000,7174000000,None,14723000000,None,-686000000,None,686000000,None,14000000,None,4243000000,612000000,-5000000,686000000,2953000000,-184000000,1298000000,5541000000,617000000,Verizon Communications Inc.,VZ
2009-09-30,USD,3986000000,27265000000,23279000000,10996000000,3823000000,8111000000,None,12987000000,None,-704000000,None,704000000,None,13000000,None,4172000000,1672000000,574000000,704000000,3591000000,1860000000,2376000000,6548000000,1098000000,Verizon Communications Inc.,VZ
2009-06-30,USD,4418000000,26861000000,22443000000,10481000000,4672000000,7871000000,None,12749000000,None,-787000000,None,787000000,None,11000000,None,4091000000,2268000000,610000000,787000000,3947000000,2128000000,3055000000,7146000000,1658000000,Verizon Communications Inc.,VZ
2009-03-31,USD,16283000000,26591000000,10308000000,10308000000,4530000000,7561000000,None,11589000000,None,None,None,925000000,None,53000000,None,4028000000,2261000000,740000000,None,None,None,3186000000,7214000000,1521000000,Verizon Communications Inc.,VZ
2008-12-31,USD,14669000000,24645000000,9976000000,9584000000,-10440000000,21709000000,None,10837000000,None,None,None,517000000,None,63000000,None,3792000000,-12481000000,-5095000000,None,None,None,-11964000000,-8172000000,-7386000000,Verizon Communications Inc.,VZ
2008-09-30,USD,14704000000,24752000000,10048000000,10048000000,4173000000,6879000000,None,10531000000,None,None,None,440000000,None,105000000,None,3652000000,2519000000,850000000,None,None,None,2959000000,6611000000,1669000000,Verizon Communications Inc.,VZ
2008-06-30,USD,14658000000,24124000000,9466000000,9466000000,4546000000,6528000000,None,10112000000,None,None,None,403000000,None,92000000,None,3584000000,2863000000,981000000,None,None,None,3266000000,6850000000,1882000000,Verizon Communications Inc.,VZ
2024-03-31,USD,56617000000,142595000000,85978000000,72633000000,15307000000,12404000000,16960000000,13345000000,993000000,-644000000,993000000,644000000,143239000000,-2673000000,None,941000000,12898000000,2467000000,644000000,10431000000,9873000000,13542000000,14483000000,10431000000,"Amazon.com, Inc.",AMZN
2023-12-31,USD,39401000000,169328000000,129927000000,92553000000,13209000000,36212000000,22038000000,39274000000,901000000,-713000000,901000000,713000000,170041000000,289000000,None,2082000000,13666000000,3042000000,713000000,10644000000,12587000000,14379000000,16461000000,10624000000,"Amazon.com, Inc.",AMZN
2023-09-30,USD,52610000000,142183000000,89573000000,75022000000,11188000000,13112000000,21203000000,14551000000,776000000,-806000000,1072000000,806000000,142989000000,1031000000,None,1439000000,12185000000,2306000000,806000000,9879000000,8556000000,12991000000,14430000000,9879000000,"Amazon.com, Inc.",AMZN
2023-06-30,USD,48693000000,133552000000,84859000000,69373000000,7681000000,13947000000,18829000000,15486000000,661000000,-840000000,661000000,840000000,134392000000,61000000,None,1539000000,7554000000,804000000,840000000,6750000000,7043000000,8394000000,9933000000,6750000000,"Amazon.com, Inc.",AMZN
2023-03-31,USD,43403000000,126605000000,83202000000,67791000000,4774000000,13215000000,17420000000,15411000000,611000000,-823000000,611000000,823000000,127428000000,-443000000,None,1546000000,4120000000,948000000,823000000,3172000000,3686000000,4943000000,6489000000,3172000000,"Amazon.com, Inc.",AMZN
2022-12-31,USD,-1360000000,148376000000,1360000000,85640000000,2737000000,36751000000,3653000000,1360000000,445000000,-694000000,445000000,694000000,149070000000,-3450000000,None,2118000000,-949000000,-1227000000,694000000,-2720000000,2906000000,-255000000,1863000000,278000000,"Amazon.com, Inc.",AMZN
2022-09-30,USD,40542000000,126381000000,85839000000,70268000000,2525000000,14075000000,16787000000,15571000000,277000000,-617000000,277000000,617000000,126998000000,759000000,None,1496000000,2941000000,69000000,617000000,2872000000,539000000,3558000000,5054000000,2872000000,"Amazon.com, Inc.",AMZN
2022-06-30,USD,39590000000,120533000000,80943000000,66424000000,3317000000,12989000000,15468000000,14519000000,159000000,-584000000,159000000,584000000,121117000000,-5545000000,None,1530000000,-2665000000,-637000000,584000000,-2028000000,-4445000000,-2081000000,-551000000,-2028000000,"Amazon.com, Inc.",AMZN
2022-03-31,USD,37013000000,115986000000,78973000000,66499000000,3669000000,10914000000,12270000000,12474000000,108000000,-472000000,108000000,472000000,116458000000,-8570000000,None,1560000000,-5266000000,-1422000000,472000000,-3844000000,-4833000000,-4794000000,-3234000000,-3844000000,"Amazon.com, Inc.",AMZN
2021-12-31,USD,20863000000,136903000000,116040000000,82835000000,3460000000,30235000000,2001000000,34205000000,118000000,-482000000,118000000,482000000,137385000000,11838000000,None,2970000000,14935000000,612000000,482000000,14314000000,14022000000,15417000000,18387000000,14323000000,"Amazon.com, Inc.",AMZN
2021-09-30,USD,34622000000,110212000000,75590000000,62930000000,4852000000,10163000000,12097000000,12660000000,119000000,-493000000,119000000,493000000,110705000000,-163000000,None,2497000000,4311000000,1155000000,493000000,3156000000,2606000000,4804000000,7301000000,3156000000,"Amazon.com, Inc.",AMZN
2021-06-30,USD,36408000000,112755000000,76347000000,64176000000,7702000000,9682000000,11794000000,12171000000,106000000,-435000000,106000000,435000000,113190000000,1261000000,None,2489000000,8646000000,868000000,435000000,7778000000,7919000000,9081000000,11570000000,7778000000,"Amazon.com, Inc.",AMZN
2021-03-31,USD,35035000000,108088000000,73053000000,62403000000,8865000000,8194000000,10584000000,10650000000,105000000,-399000000,105000000,399000000,108487000000,1697000000,None,2456000000,10263000000,2156000000,399000000,8107000000,7621000000,10662000000,13118000000,8107000000,"Amazon.com, Inc.",AMZN
2020-12-31,USD,125555000000,125555000000,102441000000,79284000000,6873000000,20271000000,5242000000,24557000000,100000000,-414000000,100000000,414000000,125555000000,1206000000,None,2886000000,7788000000,566000000,414000000,7199000000,8071000000,8202000000,11088000000,7222000000,"Amazon.com, Inc.",AMZN
2020-09-30,USD,29309000000,95717000000,66408000000,57106000000,6194000000,7102000000,9334000000,9302000000,118000000,-428000000,118000000,428000000,96145000000,925000000,None,2200000000,6900000000,569000000,428000000,6331000000,6757000000,7328000000,9528000000,6331000000,"Amazon.com, Inc.",AMZN
2020-06-30,USD,27895000000,88509000000,60614000000,52660000000,5843000000,5925000000,8945000000,7954000000,135000000,-403000000,135000000,403000000,88912000000,646000000,None,2029000000,6227000000,984000000,403000000,5243000000,5851000000,6630000000,8659000000,5243000000,"Amazon.com, Inc.",AMZN
2020-03-31,USD,22619000000,75050000000,52431000000,44257000000,3989000000,6280000000,7993000000,8174000000,202000000,-402000000,202000000,402000000,75452000000,-406000000,None,1894000000,3279000000,744000000,402000000,2535000000,1458000000,3681000000,5575000000,2535000000,"Amazon.com, Inc.",AMZN
2019-12-31,USD,87437000000,87437000000,75900000000,53977000000,3879000000,18583000000,9740000000,22988000000,211000000,-455000000,211000000,455000000,87437000000,418000000,None,3340000000,4054000000,786000000,455000000,3267000000,3711000000,4509000000,7849000000,3268000000,"Amazon.com, Inc.",AMZN
2019-09-30,USD,19574000000,69585000000,50011000000,41302000000,3157000000,6100000000,8022000000,8764000000,224000000,-396000000,224000000,396000000,69981000000,-353000000,None,2609000000,2628000000,494000000,396000000,2134000000,1665000000,3024000000,5633000000,2134000000,"Amazon.com, Inc.",AMZN
2019-06-30,USD,18721000000,63021000000,44300000000,36337000000,3084000000,5561000000,7910000000,8049000000,215000000,-383000000,215000000,383000000,63404000000,-27000000,None,2402000000,2882000000,257000000,383000000,2625000000,2675000000,3265000000,5667000000,2625000000,"Amazon.com, Inc.",AMZN
2019-03-31,USD,20582000000,59339000000,38757000000,33920000000,4420000000,4837000000,6841000000,4837000000,183000000,-366000000,183000000,366000000,59700000000,164000000,None,2307000000,4397000000,836000000,366000000,3561000000,3586000000,4763000000,7070000000,3561000000,"Amazon.com, Inc.",AMZN
2018-12-31,USD,72383000000,72383000000,59490000000,44786000000,3786000000,14229000000,1452000000,15667000000,150000000,-387000000,None,387000000,72383000000,-199000000,None,4262000000,3354000000,327000000,387000000,3023000000,3030000000,3741000000,8048000000,3027000000,"Amazon.com, Inc.",AMZN
2018-09-30,USD,18871000000,56218000000,37347000000,33003000000,3724000000,4344000000,6303000000,4412000000,117000000,-358000000,None,358000000,56576000000,-93000000,None,3778000000,3391000000,508000000,358000000,2883000000,2783000000,3749000000,7502000000,2883000000,"Amazon.com, Inc.",AMZN
2018-06-30,USD,17899000000,52543000000,34644000000,30632000000,2983000000,4012000000,6432000000,4092000000,94000000,-343000000,None,343000000,52886000000,-129000000,None,3630000000,2608000000,74000000,343000000,2534000000,2067000000,2951000000,6613000000,2534000000,"Amazon.com, Inc.",AMZN
2018-03-31,USD,16211000000,50712000000,34501000000,30735000000,1927000000,3766000000,5968000000,3829000000,80000000,-330000000,None,330000000,51042000000,239000000,None,3671000000,1916000000,287000000,330000000,1629000000,1646000000,2246000000,5598000000,1629000000,"Amazon.com, Inc.",AMZN
2017-12-31,USD,60453000000,60453000000,43345000000,38495000000,2127000000,4484000000,221000000,5535000000,65000000,-338000000,None,338000000,60453000000,17000000,None,3498000000,1872000000,16000000,338000000,1856000000,1874000000,2210000000,5625000000,1856000000,"Amazon.com, Inc.",AMZN
2017-09-30,USD,12528000000,43516000000,30988000000,27549000000,347000000,3439000000,128000000,3484000000,54000000,-228000000,None,228000000,43744000000,143000000,None,2784000000,314000000,58000000,228000000,256000000,361000000,542000000,3131000000,256000000,"Amazon.com, Inc.",AMZN
2017-06-30,USD,11258000000,37812000000,26554000000,23451000000,628000000,3103000000,145000000,3169000000,44000000,-143000000,None,143000000,37955000000,137000000,None,2488000000,664000000,467000000,143000000,197000000,387000000,807000000,3116000000,197000000,"Amazon.com, Inc.",AMZN
2017-03-31,USD,7985000000,35575000000,27590000000,22440000000,1005000000,2715000000,4402000000,5194000000,39000000,-139000000,None,139000000,35714000000,48000000,None,2285000000,953000000,229000000,139000000,724000000,912000000,1092000000,3290000000,724000000,"Amazon.com, Inc.",AMZN
2016-12-31,USD,43741000000,43741000000,32253000000,28959000000,1255000000,997000000,999000000,3779000000,29000000,-133000000,None,133000000,None,15000000,None,2297000000,1163000000,414000000,133000000,752000000,285000000,1296000000,3593000000,749000000,"Amazon.com, Inc.",AMZN
2016-09-30,USD,6875000000,32596000000,25721000000,21260000000,575000000,2377000000,160000000,4493000000,26000000,-118000000,None,118000000,None,8000000,None,2083000000,481000000,229000000,118000000,252000000,302000000,599000000,2682000000,252000000,"Amazon.com, Inc.",AMZN
2016-06-30,USD,7073000000,30288000000,23215000000,19180000000,1285000000,2126000000,160000000,4090000000,24000000,-116000000,None,116000000,None,-14000000,None,1909000000,1164000000,307000000,116000000,857000000,900000000,1280000000,3189000000,857000000,"Amazon.com, Inc.",AMZN
2016-03-31,USD,6385000000,29011000000,22626000000,18866000000,1071000000,1933000000,161000000,3805000000,21000000,-117000000,None,117000000,None,81000000,None,1827000000,988000000,475000000,117000000,513000000,622000000,1105000000,2932000000,513000000,"Amazon.com, Inc.",AMZN
2015-12-31,USD,35747000000,35747000000,26787000000,24341000000,1108000000,694000000,167000000,2770000000,13000000,-115000000,None,115000000,None,-69000000,None,1752000000,935000000,453000000,115000000,485000000,434000000,1050000000,2802000000,482000000,"Amazon.com, Inc.",AMZN
2015-09-30,USD,5161000000,25242000000,20081000000,16755000000,406000000,1727000000,159000000,3369000000,13000000,-116000000,None,116000000,None,-56000000,None,1599000000,240000000,161000000,116000000,79000000,21000000,356000000,1955000000,79000000,"Amazon.com, Inc.",AMZN
2015-06-30,USD,4790000000,23071000000,18281000000,15160000000,464000000,1617000000,157000000,3169000000,12000000,-114000000,None,114000000,None,0,None,1504000000,358000000,266000000,114000000,92000000,227000000,472000000,1976000000,92000000,"Amazon.com, Inc.",AMZN
2015-03-31,USD,4271000000,22602000000,18331000000,15395000000,255000000,1510000000,152000000,2980000000,11000000,-115000000,None,115000000,None,-130000000,None,1426000000,14000000,71000000,115000000,-57000000,-298000000,129000000,1555000000,-57000000,"Amazon.com, Inc.",AMZN
2014-12-31,USD,29328000000,29328000000,22988000000,20672000000,591000000,936000000,148000000,2580000000,8000000,-74000000,None,74000000,None,-95000000,None,1380000000,419000000,205000000,74000000,634000000,97000000,493000000,1873000000,214000000,"Amazon.com, Inc.",AMZN
2014-09-30,USD,3257000000,20530000000,17273000000,14627000000,-544000000,1399000000,138000000,2677000000,9000000,-49000000,None,49000000,None,-50000000,None,1247000000,-642000000,-205000000,49000000,-437000000,-688000000,-593000000,654000000,-437000000,"Amazon.com, Inc.",AMZN
2014-06-30,USD,3467000000,19295000000,15828000000,13399000000,-15000000,1320000000,139000000,2457000000,11000000,-45000000,None,45000000,None,22000000,None,1109000000,-32000000,94000000,45000000,-126000000,-113000000,13000000,1122000000,-126000000,"Amazon.com, Inc.",AMZN
2014-03-31,USD,3437000000,19699000000,16262000000,14055000000,146000000,1197000000,133000000,2284000000,11000000,-42000000,None,42000000,None,5000000,None,1010000000,181000000,73000000,42000000,108000000,136000000,223000000,1233000000,108000000,"Amazon.com, Inc.",AMZN
2013-12-31,USD,25587000000,25587000000,20486000000,18806000000,510000000,718000000,125000000,1932000000,10000000,-39000000,None,39000000,None,-29000000,None,962000000,60000000,-179000000,39000000,272000000,261000000,99000000,1061000000,239000000,"Amazon.com, Inc.",AMZN
2013-09-30,USD,2884000000,17056000000,14172000000,12366000000,-25000000,972000000,117000000,1854000000,9000000,-36000000,None,36000000,None,9000000,None,834000000,-29000000,12000000,36000000,-41000000,72000000,7000000,841000000,-41000000,"Amazon.com, Inc.",AMZN
2013-06-30,USD,2745000000,15671000000,12926000000,11209000000,79000000,961000000,107000000,1782000000,9000000,-33000000,None,33000000,None,-38000000,None,757000000,-20000000,-13000000,33000000,-7000000,-7000000,13000000,770000000,-7000000,"Amazon.com, Inc.",AMZN
2013-03-31,USD,2658000000,16037000000,13379000000,11801000000,181000000,878000000,101000000,1642000000,10000000,-33000000,None,33000000,None,-77000000,None,701000000,100000000,18000000,33000000,82000000,2000000,133000000,834000000,82000000,"Amazon.com, Inc.",AMZN
2012-12-31,USD,17431000000,17431000000,17476000000,16137000000,405000000,677000000,94000000,1404000000,8000000,-27000000,None,27000000,None,-49000000,None,662000000,291000000,194000000,27000000,187000000,155000000,318000000,980000000,97000000,"Amazon.com, Inc.",AMZN
2012-09-30,USD,2141000000,13784000000,11643000000,10319000000,-28000000,770000000,85000000,1389000000,10000000,-22000000,None,22000000,None,18000000,None,555000000,-191000000,83000000,22000000,-274000000,-242000000,-169000000,386000000,-274000000,"Amazon.com, Inc.",AMZN
2012-06-30,USD,2071000000,12813000000,10742000000,9488000000,107000000,769000000,1082000000,1307000000,10000000,-21000000,None,21000000,None,50000000,None,485000000,116000000,109000000,21000000,7000000,-147000000,137000000,622000000,7000000,"Amazon.com, Inc.",AMZN
2012-03-31,USD,2000000000,13164000000,11164000000,10027000000,192000000,680000000,945000000,1204000000,12000000,-21000000,None,21000000,None,-99000000,None,457000000,173000000,43000000,21000000,130000000,272000000,194000000,651000000,130000000,"Amazon.com, Inc.",AMZN
2011-12-31,USD,17431000000,17431000000,14737000000,13831000000,260000000,547000000,863000000,968000000,14000000,-20000000,None,20000000,None,19000000,None,359000000,291000000,194000000,20000000,187000000,102000000,311000000,670000000,97000000,"Amazon.com, Inc.",AMZN
2011-09-30,USD,1711000000,10859000000,9148000000,8325000000,79000000,545000000,769000000,877000000,16000000,-17000000,None,17000000,None,52000000,None,278000000,-191000000,83000000,17000000,63000000,-147000000,-174000000,104000000,-274000000,"Amazon.com, Inc.",AMZN
2011-06-30,USD,1622000000,9898000000,8276000000,7525000000,201000000,507000000,698000000,807000000,16000000,-15000000,None,15000000,None,23000000,None,244000000,116000000,109000000,15000000,191000000,227000000,131000000,375000000,7000000,"Amazon.com, Inc.",AMZN
2011-03-31,USD,1575000000,9845000000,8270000000,7608000000,322000000,460000000,579000000,707000000,15000000,-12000000,None,12000000,None,-18000000,None,202000000,173000000,43000000,12000000,201000000,325000000,185000000,387000000,130000000,"Amazon.com, Inc.",AMZN
2010-12-31,USD,12948000000,12948000000,10866000000,10317000000,474000000,380000000,884000000,-18358000000,15000000,-11000000,None,11000000,None,29000000,None,169000000,500000000,84000000,11000000,422000000,356000000,511000000,680000000,416000000,"Amazon.com, Inc.",AMZN
2010-09-30,USD,1257000000,7551000000,6294000000,5786000000,268000000,358000000,442000000,7292000000,13000000,-11000000,None,11000000,None,22000000,None,150000000,310000000,79000000,11000000,231000000,382000000,321000000,471000000,231000000,"Amazon.com, Inc.",AMZN
2010-06-30,USD,1147000000,6557000000,5410000000,4957000000,270000000,324000000,408000000,6296000000,12000000,-9000000,None,9000000,None,24000000,None,130000000,295000000,88000000,9000000,207000000,70000000,304000000,434000000,207000000,"Amazon.com, Inc.",AMZN
2010-03-31,USD,1206000000,7124000000,5918000000,5501000000,394000000,298000000,366000000,6737000000,11000000,-7000000,None,7000000,None,3000000,None,120000000,399000000,100000000,7000000,299000000,210000000,406000000,526000000,299000000,"Amazon.com, Inc.",AMZN
2009-12-31,USD,1977000000,9519000000,8029000000,7543000000,476000000,374000000,1240000000,-9934000000,9000000,-8000000,None,8000000,None,-6000000,None,112000000,469000000,85000000,8000000,386000000,363000000,477000000,589000000,384000000,"Amazon.com, Inc.",AMZN
2009-09-30,USD,1273000000,5443000000,4504000000,4176000000,251000000,232000000,315000000,5198000000,7000000,-7000000,None,7000000,None,11000000,None,95000000,259000000,60000000,7000000,199000000,222000000,266000000,361000000,199000000,"Amazon.com, Inc.",AMZN
2009-06-30,USD,1133000000,4644000000,3808000000,3518000000,159000000,206000000,299000000,4492000000,8000000,-7000000,None,7000000,None,19000000,None,84000000,181000000,39000000,7000000,284000000,227000000,188000000,272000000,142000000,"Amazon.com, Inc.",AMZN
2009-03-31,USD,451000000,4889000000,4438000000,3741000000,244000000,68000000,275000000,4645000000,None,None,None,12000000,None,4000000,None,87000000,246000000,69000000,None,None,None,258000000,331000000,177000000,"Amazon.com, Inc.",AMZN
2008-12-31,USD,522000000,6704000000,6182000000,5355000000,273000000,71000000,277000000,1075000000,None,None,None,11000000,None,25000000,None,77000000,305000000,80000000,None,None,None,316000000,350000000,225000000,"Amazon.com, Inc.",AMZN
2008-09-30,USD,999000000,4264000000,3922000000,3265000000,154000000,73000000,264000000,845000000,None,None,None,17000000,None,24000000,None,76000000,177000000,59000000,None,None,None,194000000,230000000,118000000,"Amazon.com, Inc.",AMZN
2008-06-30,USD,967000000,4063000000,3715000000,3096000000,217000000,74000000,258000000,750000000,None,None,None,21000000,None,-8000000,None,70000000,204000000,46000000,None,None,None,225000000,287000000,158000000,"Amazon.com, Inc.",AMZN
2024-04-28,USD,12433000000,36418000000,23985000000,24672000000,5079000000,6667000000,None,7354000000,57000000,-485000000,57000000,485000000,36418000000,None,None,687000000,4651000000,1051000000,485000000,3600000000,3599000000,5136000000,5823000000,3600000000,"The Home Depot, Inc.",HD
2024-01-28,USD,11508000000,34786000000,23278000000,23278000000,4143000000,6679000000,None,7365000000,55000000,-513000000,55000000,513000000,34786000000,None,None,686000000,3685000000,884000000,513000000,2801000000,2986000000,4198000000,4884000000,2801000000,"The Home Depot, Inc.",HD
2023-10-29,USD,12738000000,37710000000,24972000000,24972000000,5406000000,6649000000,None,7332000000,49000000,-487000000,438000000,487000000,37710000000,None,None,683000000,4968000000,1158000000,487000000,3810000000,3615000000,5455000000,6138000000,3810000000,"The Home Depot, Inc.",HD
2023-07-30,USD,14157000000,42916000000,28759000000,28759000000,6589000000,6915000000,None,7568000000,41000000,-469000000,428000000,469000000,42916000000,41000000,None,653000000,6161000000,1502000000,469000000,4659000000,4829000000,6630000000,7283000000,4659000000,"The Home Depot, Inc.",HD
2023-04-30,USD,12557000000,37257000000,24700000000,24700000000,5551000000,6355000000,None,7006000000,33000000,-474000000,441000000,474000000,37257000000,33000000,None,651000000,5110000000,1237000000,474000000,3873000000,3954000000,5584000000,6235000000,3873000000,"The Home Depot, Inc.",HD
2023-01-29,USD,11926000000,35831000000,23905000000,23905000000,4752000000,6549000000,None,7174000000,43000000,-451000000,43000000,451000000,35831000000,43000000,None,625000000,4344000000,982000000,451000000,3362000000,3500000000,4795000000,5420000000,3362000000,"The Home Depot, Inc.",HD
2022-10-30,USD,13224000000,38872000000,25648000000,25648000000,6148000000,6468000000,None,7076000000,7000000,-413000000,406000000,413000000,38872000000,7000000,None,608000000,5742000000,1403000000,413000000,4339000000,4155000000,6155000000,6763000000,4339000000,"The Home Depot, Inc.",HD
2022-07-31,USD,14483000000,43792000000,29309000000,29309000000,7210000000,6657000000,None,7273000000,2000000,-381000000,2000000,381000000,43792000000,2000000,None,616000000,6831000000,1658000000,381000000,5173000000,5184000000,7212000000,7828000000,5173000000,"The Home Depot, Inc.",HD
2022-05-01,USD,13145000000,38908000000,25763000000,25763000000,5929000000,6610000000,None,7216000000,3000000,-372000000,3000000,372000000,38908000000,3000000,None,606000000,5560000000,1329000000,372000000,4231000000,4252000000,5932000000,6538000000,4231000000,"The Home Depot, Inc.",HD
2022-01-30,USD,11862000000,35719000000,23857000000,23857000000,4825000000,6431000000,None,7037000000,None,-341000000,18000000,341000000,35719000000,None,None,606000000,4502000000,1150000000,341000000,3352000000,3250000000,4843000000,5449000000,3352000000,"The Home Depot, Inc.",HD
2021-10-31,USD,12563000000,36820000000,24257000000,24257000000,5795000000,6168000000,None,6768000000,15000000,-341000000,15000000,341000000,36820000000,None,None,600000000,5469000000,1340000000,341000000,4129000000,4112000000,5810000000,6410000000,4129000000,"The Home Depot, Inc.",HD
2021-08-01,USD,13665000000,41118000000,27453000000,27453000000,6639000000,6433000000,None,7026000000,5000000,-326000000,5000000,326000000,41118000000,None,None,593000000,6318000000,1511000000,326000000,4807000000,4830000000,6644000000,7237000000,4807000000,"The Home Depot, Inc.",HD
2021-05-02,USD,12742000000,37500000000,24758000000,24758000000,5781000000,6374000000,None,6961000000,6000000,-339000000,6000000,339000000,37500000000,None,None,587000000,5448000000,1303000000,339000000,4145000000,4208000000,5787000000,6374000000,4145000000,"The Home Depot, Inc.",HD
2021-01-31,USD,10831000000,32261000000,21430000000,21430000000,4083000000,6187000000,None,6748000000,None,-337000000,6000000,337000000,32261000000,None,None,561000000,3756000000,899000000,337000000,2857000000,3151000000,4093000000,4654000000,2857000000,"The Home Depot, Inc.",HD
2020-11-01,USD,11456000000,33536000000,22080000000,22080000000,4852000000,6076000000,None,6604000000,None,-340000000,329000000,340000000,33536000000,11000000,None,528000000,4523000000,1091000000,340000000,3432000000,3479000000,4863000000,5391000000,3432000000,"The Home Depot, Inc.",HD
2020-08-02,USD,12941000000,38053000000,25112000000,25112000000,6067000000,6355000000,None,6874000000,None,-346000000,17000000,346000000,38053000000,17000000,None,519000000,5730000000,1398000000,346000000,4332000000,4468000000,6076000000,6595000000,4332000000,"The Home Depot, Inc.",HD
2020-05-03,USD,9625000000,28260000000,18635000000,18635000000,3276000000,5829000000,None,6349000000,None,-324000000,None,324000000,28260000000,None,None,520000000,2969000000,724000000,324000000,2245000000,1836000000,3293000000,3813000000,2245000000,"The Home Depot, Inc.",HD
2020-02-02,USD,8736000000,25782000000,17046000000,17046000000,3403000000,4814000000,None,5333000000,None,-309000000,292000000,309000000,25782000000,None,None,519000000,3111000000,630000000,309000000,2481000000,2543000000,3420000000,3939000000,2481000000,"The Home Depot, Inc.",HD
2019-11-03,USD,9387000000,27223000000,17836000000,17836000000,3947000000,4942000000,None,5440000000,None,-302000000,280000000,302000000,27223000000,19000000,None,498000000,3667000000,898000000,302000000,9387000000,2744000000,3969000000,4467000000,2769000000,"The Home Depot, Inc.",HD
2019-08-04,USD,10432000000,30839000000,20407000000,20407000000,4896000000,5044000000,None,5536000000,None,-302000000,19000000,302000000,30839000000,15000000,None,492000000,4613000000,1134000000,302000000,10432000000,3538000000,4915000000,5407000000,3479000000,"The Home Depot, Inc.",HD
2019-05-05,USD,9017000000,26381000000,17364000000,17364000000,3597000000,4940000000,None,5420000000,None,-288000000,None,288000000,26381000000,None,None,480000000,3324000000,811000000,288000000,9017000000,2481000000,3612000000,4092000000,2513000000,"The Home Depot, Inc.",HD
2019-02-03,USD,9027000000,26491000000,17464000000,17464000000,3378000000,4922000000,None,5649000000,None,-269000000,None,269000000,26491000000,4000000,None,480000000,3113000000,769000000,269000000,9027000000,2289000000,3382000000,3862000000,2344000000,"The Home Depot, Inc.",HD
2018-10-28,USD,9151000000,26302000000,17151000000,17151000000,3870000000,4808000000,None,5281000000,None,-249000000,None,249000000,26302000000,4000000,None,473000000,3646000000,779000000,249000000,2867000000,2924000000,3895000000,4368000000,2867000000,"The Home Depot, Inc.",HD
2018-07-29,USD,10365000000,30463000000,20098000000,20098000000,4901000000,5004000000,None,5464000000,None,-272000000,None,272000000,30463000000,26000000,None,460000000,4655000000,1149000000,272000000,3506000000,3328000000,4927000000,5387000000,3506000000,"The Home Depot, Inc.",HD
2018-04-29,USD,8617000000,24947000000,16330000000,16330000000,3381000000,4779000000,None,5236000000,None,-261000000,None,261000000,24947000000,None,None,457000000,3142000000,738000000,261000000,2404000000,2374000000,3403000000,3860000000,2404000000,"The Home Depot, Inc.",HD
2018-01-28,USD,8093000000,23883000000,15790000000,15790000000,3189000000,4440000000,None,4904000000,None,-269000000,None,269000000,23883000000,22000000,None,464000000,2943000000,1164000000,269000000,8093000000,1842000000,3212000000,3676000000,1779000000,"The Home Depot, Inc.",HD
2017-10-29,USD,8648000000,25026000000,16378000000,16378000000,3680000000,4514000000,None,4968000000,None,-269000000,None,269000000,25026000000,23000000,None,454000000,3433000000,1268000000,269000000,2165000000,2018000000,3702000000,4156000000,2165000000,"The Home Depot, Inc.",HD
2017-07-30,USD,9461000000,28108000000,18647000000,18647000000,4463000000,4549000000,None,4998000000,None,-265000000,None,265000000,28108000000,16000000,None,449000000,4214000000,1542000000,265000000,2672000000,3113000000,4479000000,4928000000,2672000000,"The Home Depot, Inc.",HD
2017-04-30,USD,8154000000,23887000000,15733000000,15733000000,3349000000,4361000000,None,4805000000,13000000,-254000000,None,254000000,23887000000,None,None,444000000,3108000000,1094000000,254000000,2014000000,1958000000,3362000000,3806000000,2014000000,"The Home Depot, Inc.",HD
2017-01-29,USD,7553000000,22207000000,14654000000,14654000000,2927000000,4183000000,None,4626000000,None,-246000000,None,246000000,None,13000000,None,443000000,2692000000,948000000,246000000,7553000000,1760000000,2938000000,3381000000,1744000000,"The Home Depot, Inc.",HD
2016-10-30,USD,8042000000,23154000000,15112000000,15112000000,3320000000,4280000000,None,4722000000,None,-246000000,None,246000000,None,11000000,None,442000000,3084000000,1115000000,246000000,1969000000,1864000000,3330000000,3772000000,1969000000,"The Home Depot, Inc.",HD
2016-07-31,USD,8927000000,26472000000,17545000000,17545000000,4103000000,4388000000,None,4824000000,8000000,-236000000,None,236000000,None,8000000,None,436000000,3875000000,1434000000,236000000,2441000000,2241000000,4111000000,4547000000,2441000000,"The Home Depot, Inc.",HD
2016-05-01,USD,7791000000,22762000000,14971000000,14971000000,3077000000,4281000000,None,4714000000,None,-244000000,None,244000000,None,None,None,433000000,2840000000,1037000000,244000000,7791000000,2123000000,3084000000,3517000000,1803000000,"The Home Depot, Inc.",HD
2016-01-31,USD,7156000000,20980000000,13824000000,13824000000,2549000000,4178000000,None,4607000000,None,-242000000,None,242000000,None,6000000,None,429000000,2313000000,842000000,242000000,7156000000,1235000000,2555000000,2984000000,1471000000,"The Home Depot, Inc.",HD
2015-11-01,USD,7565000000,21819000000,14254000000,14254000000,2981000000,4161000000,None,4584000000,None,-247000000,None,247000000,None,7000000,None,423000000,2741000000,1016000000,247000000,7565000000,1645000000,2988000000,3411000000,1725000000,"The Home Depot, Inc.",HD
2015-08-02,USD,8365000000,24829000000,16464000000,16464000000,3647000000,4299000000,None,4718000000,None,-233000000,None,233000000,None,4000000,None,419000000,3563000000,1329000000,233000000,8365000000,1979000000,3796000000,4215000000,2234000000,"The Home Depot, Inc.",HD
2015-05-03,USD,7179000000,20891000000,13712000000,13712000000,2597000000,4163000000,None,4582000000,None,-197000000,None,197000000,None,None,None,419000000,2404000000,825000000,197000000,7179000000,1704000000,2601000000,3020000000,1579000000,"The Home Depot, Inc.",HD
2015-02-01,USD,6582000000,19162000000,12580000000,12439000000,2191000000,3987000000,None,4391000000,None,-213000000,None,213000000,None,115000000,None,404000000,2093000000,714000000,213000000,6582000000,945000000,2306000000,2710000000,1379000000,"The Home Depot, Inc.",HD
2014-11-02,USD,7043000000,20516000000,13473000000,13331000000,2553000000,4080000000,None,4490000000,None,-218000000,None,218000000,None,105000000,None,410000000,2440000000,903000000,218000000,7185000000,1428000000,2658000000,3068000000,1537000000,"The Home Depot, Inc.",HD
2014-08-03,USD,8007000000,23811000000,15804000000,15650000000,3448000000,4146000000,None,4559000000,None,-208000000,None,208000000,None,100000000,None,413000000,3257000000,1207000000,208000000,8161000000,2053000000,3465000000,3878000000,2050000000,"The Home Depot, Inc.",HD
2014-05-04,USD,6757000000,19687000000,12930000000,12802000000,2277000000,4067000000,None,4480000000,None,-191000000,None,191000000,None,None,None,413000000,2186000000,807000000,191000000,6885000000,1421000000,2377000000,2790000000,1379000000,"The Home Depot, Inc.",HD
2014-02-02,USD,6192000000,18171000000,11979000000,11504000000,1761000000,3549000000,None,3956000000,None,-182000000,None,182000000,None,0,None,407000000,1583000000,570000000,182000000,6192000000,805000000,1765000000,2172000000,1013000000,"The Home Depot, Inc.",HD
2013-11-03,USD,6798000000,19470000000,12672000000,12672000000,2293000000,4096000000,None,4505000000,None,-191000000,None,191000000,None,0,None,409000000,2105000000,754000000,191000000,6798000000,1324000000,2296000000,2705000000,1351000000,"The Home Depot, Inc.",HD
2013-08-04,USD,7721000000,22522000000,14801000000,14801000000,3018000000,4294000000,None,4703000000,None,-174000000,None,174000000,None,0,None,409000000,2846000000,1051000000,174000000,7721000000,1643000000,3020000000,3429000000,1795000000,"The Home Depot, Inc.",HD
2013-05-05,USD,6679000000,19124000000,12445000000,12445000000,2094000000,4183000000,None,4585000000,None,-164000000,None,164000000,None,0,None,402000000,1933000000,707000000,164000000,6679000000,1262000000,2097000000,2499000000,1226000000,"The Home Depot, Inc.",HD
2013-02-03,USD,6366000000,18246000000,11880000000,11880000000,1750000000,4217000000,None,4616000000,None,-166000000,None,166000000,None,0,None,399000000,1590000000,569000000,166000000,6366000000,1007000000,1756000000,2155000000,1021000000,"The Home Depot, Inc.",HD
2012-10-28,USD,6267000000,18130000000,11863000000,11863000000,1733000000,4139000000,None,4534000000,None,-155000000,None,155000000,None,0,None,395000000,1583000000,636000000,155000000,947000000,1043000000,1738000000,2133000000,947000000,"The Home Depot, Inc.",HD
2012-07-29,USD,7026000000,20570000000,13544000000,13544000000,2569000000,4066000000,None,4457000000,None,-155000000,None,155000000,None,0,None,391000000,2418000000,886000000,155000000,1532000000,1394000000,2573000000,2964000000,1532000000,"The Home Depot, Inc.",HD
2012-04-29,USD,6183000000,17808000000,11625000000,11625000000,1714000000,4086000000,None,4469000000,None,-156000000,None,156000000,None,67000000,None,383000000,1630000000,595000000,156000000,1035000000,1195000000,1786000000,2169000000,1035000000,"The Home Depot, Inc.",HD
2012-01-29,USD,5597000000,16014000000,10417000000,10417000000,1330000000,3877000000,None,4267000000,None,-154000000,None,154000000,None,0,None,390000000,1180000000,406000000,154000000,774000000,705000000,1334000000,1724000000,774000000,"The Home Depot, Inc.",HD
2011-10-30,USD,5961000000,17326000000,11365000000,11365000000,1615000000,3956000000,None,4346000000,None,-162000000,None,162000000,None,0,None,390000000,1457000000,523000000,162000000,934000000,693000000,1619000000,2009000000,934000000,"The Home Depot, Inc.",HD
2011-07-31,USD,6876000000,20232000000,13356000000,13356000000,2294000000,4186000000,None,4582000000,3000000,-149000000,None,149000000,None,0,None,396000000,2148000000,785000000,149000000,1363000000,1353000000,2297000000,2693000000,1363000000,"The Home Depot, Inc.",HD
2011-05-01,USD,5828000000,16823000000,10995000000,10995000000,1422000000,4009000000,None,4406000000,None,-141000000,None,141000000,None,0,None,397000000,1283000000,471000000,141000000,812000000,980000000,1424000000,1821000000,812000000,"The Home Depot, Inc.",HD
2011-01-30,USD,5243000000,15126000000,9883000000,9883000000,1037000000,3807000000,None,4206000000,None,-91000000,None,91000000,None,0,None,399000000,950000000,363000000,91000000,587000000,657000000,1041000000,1440000000,587000000,"The Home Depot, Inc.",HD
2010-10-31,USD,5685000000,16598000000,10913000000,10913000000,1448000000,3837000000,None,4237000000,4000000,-146000000,None,146000000,None,0,None,400000000,1306000000,472000000,146000000,834000000,817000000,1452000000,1852000000,834000000,"The Home Depot, Inc.",HD
2010-08-01,USD,6582000000,19410000000,12828000000,12828000000,2049000000,4127000000,None,4533000000,None,-151000000,None,151000000,None,0,None,406000000,1901000000,709000000,151000000,1192000000,1078000000,2052000000,2458000000,1192000000,"The Home Depot, Inc.",HD
2010-05-02,USD,5794000000,16863000000,11069000000,11069000000,1305000000,4078000000,None,4489000000,None,-142000000,None,142000000,None,-51000000,None,411000000,1116000000,391000000,142000000,725000000,869000000,1258000000,1669000000,725000000,"The Home Depot, Inc.",HD
2010-01-31,USD,5013000000,14569000000,9556000000,9556000000,727000000,3869000000,None,4286000000,3000000,-161000000,None,161000000,None,None,None,417000000,447000000,105000000,161000000,301000000,5314000000,608000000,1025000000,342000000,"The Home Depot, Inc.",HD
2009-11-01,USD,5561000000,16361000000,10800000000,10800000000,1263000000,3870000000,None,4298000000,None,-168000000,None,168000000,None,4000000,None,428000000,1099000000,410000000,168000000,689000000,644000000,1267000000,1695000000,689000000,"The Home Depot, Inc.",HD
2009-08-02,USD,6388000000,19071000000,12683000000,12683000000,1833000000,4121000000,None,4555000000,None,-167000000,None,167000000,None,6000000,None,434000000,1672000000,556000000,167000000,1116000000,1473000000,1839000000,2273000000,1116000000,"The Home Depot, Inc.",HD
2009-05-03,USD,5450000000,16175000000,10725000000,10725000000,980000000,4042000000,None,4470000000,None,None,None,180000000,None,None,None,428000000,805000000,291000000,None,514000000,553000000,985000000,1413000000,514000000,"The Home Depot, Inc.",HD
2009-02-01,USD,4960000000,14607000000,9647000000,9647000000,266000000,4251000000,None,4694000000,None,None,None,139000000,None,None,None,443000000,-83000000,-29000000,None,None,None,56000000,499000000,-54000000,"The Home Depot, Inc.",HD
2008-11-02,USD,5994000000,17784000000,11790000000,11790000000,1323000000,4225000000,None,4671000000,None,None,None,157000000,None,None,None,446000000,1172000000,416000000,None,None,None,1329000000,1775000000,756000000,"The Home Depot, Inc.",HD
2008-08-03,USD,6964000000,20990000000,14026000000,14026000000,2042000000,4470000000,None,4922000000,None,None,None,161000000,None,None,None,452000000,1885000000,683000000,None,None,1231000000,2046000000,2498000000,1202000000,"The Home Depot, Inc.",HD
2024-03-31,USD,17243000000,66290000000,24641000000,3632000000,9590000000,4792000000,None,7653000000,5194000000,23082000000,47438000000,24356000000,18852000000,None,None,-17221000000,17293000000,3874000000,24356000000,13419000000,12223000000,41649000000,19177000000,13419000000,JPMorgan Chase & Co.,JPM
2023-12-31,USD,12372000000,61907000000,27248000000,None,3820000000,4915000000,None,8552000000,5101000000,24051000000,47384000000,23333000000,14523000000,None,None,3337000000,11326000000,2019000000,23333000000,9307000000,15968000000,34659000000,-183000000,9307000000,JPMorgan Chase & Co.,JPM
2023-09-30,USD,17145000000,61704000000,23141000000,3583000000,8907000000,4709000000,None,8238000000,4873000000,22726000000,44556000000,21830000000,17148000000,None,None,2019000000,16733000000,3582000000,21830000000,13151000000,10337000000,38563000000,-1031000000,13151000000,JPMorgan Chase & Co.,JPM
2023-06-30,USD,16513000000,61172000000,23721000000,3337000000,8474000000,4459000000,None,8039000000,4537000000,21779000000,41644000000,19865000000,19528000000,None,None,507000000,17586000000,3114000000,19865000000,14472000000,14600000000,37451000000,1819000000,14472000000,JPMorgan Chase & Co.,JPM
2023-03-31,USD,15582000000,54642000000,22382000000,3299000000,8614000000,4344000000,None,6968000000,4215000000,20711000000,37004000000,16293000000,17638000000,None,None,1649000000,15967000000,3345000000,16293000000,12622000000,15545000000,32260000000,-605000000,12622000000,JPMorgan Chase & Co.,JPM
2022-12-31,USD,11123000000,47409000000,21310000000,None,3882000000,4620000000,None,7241000000,3657000000,20192000000,33054000000,12862000000,14355000000,None,None,1671000000,13237000000,2229000000,12862000000,11008000000,12801000000,26099000000,12826000000,11008000000,JPMorgan Chase & Co.,JPM
2022-09-30,USD,12373000000,40809000000,20715000000,3528000000,5242000000,4545000000,None,7131000000,2932000000,17518000000,25611000000,8093000000,15198000000,None,None,1771000000,12001000000,2264000000,8093000000,9737000000,4972000000,20094000000,-529000000,9737000000,JPMorgan Chase & Co.,JPM
2022-06-30,USD,11842000000,34233000000,19850000000,3505000000,4914000000,4386000000,None,6928000000,2534000000,15128000000,18646000000,3518000000,15587000000,None,None,1789000000,10865000000,2216000000,3518000000,8649000000,3847000000,14383000000,-527000000,8649000000,JPMorgan Chase & Co.,JPM
2022-03-31,USD,10828000000,32341000000,20654000000,3494000000,3723000000,4414000000,None,7105000000,2224000000,13872000000,15496000000,1624000000,16845000000,None,None,1820000000,10063000000,1781000000,1624000000,8282000000,-1201000000,11687000000,-556000000,8282000000,JPMorgan Chase & Co.,JPM
2021-12-31,USD,-2315000000,30675000000,16600000000,9814000000,-9765000000,4610000000,None,7450000000,1979000000,13601000000,15019000000,1418000000,15656000000,None,None,1931000000,12657000000,2258000000,1418000000,10399000000,9352000000,14075000000,-609000000,10399000000,JPMorgan Chase & Co.,JPM
2021-09-30,USD,17881000000,31047000000,15536000000,3582000000,10988000000,4294000000,None,6893000000,1815000000,13080000000,14480000000,1400000000,16567000000,None,None,1928000000,14111000000,2424000000,1400000000,11687000000,10080000000,15511000000,-534000000,11687000000,JPMorgan Chase & Co.,JPM
2021-06-30,USD,19727000000,31832000000,15382000000,3578000000,12953000000,4204000000,None,6774000000,1847000000,12741000000,14094000000,1353000000,17738000000,None,None,2003000000,15097000000,3149000000,1353000000,11948000000,13477000000,16450000000,-637000000,11948000000,JPMorgan Chase & Co.,JPM
2021-03-31,USD,24269000000,33648000000,14569000000,3634000000,17653000000,4385000000,None,6616000000,1882000000,12889000000,14271000000,1382000000,19377000000,None,None,2070000000,17697000000,3397000000,1382000000,14300000000,7355000000,19079000000,-477000000,14300000000,JPMorgan Chase & Co.,JPM
2020-12-31,USD,26948000000,30627000000,14159000000,None,19936000000,4492000000,None,7012000000,1923000000,13258000000,14550000000,1292000000,16077000000,None,None,2127000000,15176000000,3040000000,1292000000,12136000000,11182000000,16468000000,-714000000,12136000000,JPMorgan Chase & Co.,JPM
2020-09-30,USD,13453000000,30942000000,17486000000,3706000000,6575000000,4176000000,None,6878000000,2110000000,13013000000,14700000000,1687000000,16242000000,None,None,2141000000,11769000000,2326000000,1687000000,9443000000,9594000000,13456000000,-952000000,9443000000,JPMorgan Chase & Co.,JPM
2020-06-30,USD,-2451000000,35334000000,27415000000,3670000000,-8719000000,4151000000,None,6268000000,2461000000,13853000000,16112000000,2259000000,19222000000,None,None,2149000000,5660000000,973000000,2259000000,4687000000,6058000000,7919000000,-540000000,4687000000,JPMorgan Chase & Co.,JPM
2020-03-31,USD,-2528000000,33008000000,25135000000,3644000000,-9256000000,4503000000,None,6728000000,2533000000,14439000000,19161000000,4722000000,13847000000,None,None,2197000000,3210000000,345000000,4722000000,2865000000,8714000000,7932000000,-629000000,2865000000,JPMorgan Chase & Co.,JPM
2019-12-31,USD,7444000000,34367000000,17766000000,None,415000000,4562000000,None,7029000000,2558000000,14166000000,19927000000,5761000000,14440000000,None,None,2139000000,10886000000,2366000000,5761000000,8520000000,8289000000,16647000000,-670000000,8520000000,JPMorgan Chase & Co.,JPM
2019-09-30,USD,12355000000,36184000000,17936000000,3604000000,5740000000,4549000000,None,6615000000,2450000000,14228000000,21121000000,6893000000,15063000000,None,None,2145000000,11405000000,2325000000,6893000000,9080000000,9766000000,18298000000,-484000000,9080000000,JPMorgan Chase & Co.,JPM
2019-06-30,USD,11271000000,35952000000,17490000000,3438000000,4690000000,4300000000,None,6581000000,2215000000,14398000000,21603000000,7205000000,14349000000,None,None,2046000000,11342000000,1690000000,7205000000,9652000000,11324000000,18547000000,-529000000,9652000000,JPMorgan Chase & Co.,JPM
2019-03-31,USD,10744000000,36059000000,17890000000,3432000000,4475000000,4311000000,None,6269000000,2068000000,14453000000,21389000000,6936000000,14670000000,None,None,2038000000,11233000000,2054000000,7441000000,9179000000,10128000000,18169000000,-345000000,9179000000,JPMorgan Chase & Co.,JPM
2018-12-31,USD,8938000000,32110000000,17268000000,8232000000,821000000,5966000000,None,8117000000,1951000000,14354000000,20601000000,6247000000,11509000000,None,None,2075000000,8841000000,1775000000,6684000000,7066000000,7984000000,15088000000,-406000000,7066000000,JPMorgan Chase & Co.,JPM
2018-09-30,USD,10773000000,32791000000,16571000000,3233000000,4636000000,4031000000,None,6137000000,1796000000,13908000000,19439000000,5531000000,13352000000,None,None,1992000000,10689000000,2309000000,5932000000,8380000000,7093000000,16220000000,-452000000,8380000000,JPMorgan Chase & Co.,JPM
2018-06-30,USD,10474000000,32834000000,17181000000,852000000,-3937000000,12285000000,None,14411000000,1778000000,13485000000,18566000000,5081000000,14268000000,None,852000000,1927000000,10572000000,2256000000,5384000000,8316000000,8241000000,15653000000,-436000000,8316000000,JPMorgan Chase & Co.,JPM
2018-03-31,USD,10544000000,32290000000,17245000000,811000000,-4251000000,12674000000,None,14795000000,1723000000,13312000000,17695000000,4383000000,14595000000,None,811000000,1797000000,10662000000,1950000000,4383000000,8712000000,7680000000,15045000000,-544000000,8712000000,JPMorgan Chase & Co.,JPM
2017-12-31,USD,9611000000,28022000000,15899000000,5274000000,-4865000000,12528000000,None,14476000000,1787000000,13027000000,16592000000,3565000000,11430000000,None,None,1632000000,8254000000,4022000000,3966000000,4232000000,4422000000,11819000000,-265000000,4232000000,JPMorgan Chase & Co.,JPM
2017-09-30,USD,9032000000,29467000000,15770000000,2902000000,-3824000000,11151000000,None,12856000000,1818000000,12798000000,16687000000,3889000000,12780000000,None,None,1579000000,9556000000,2824000000,3889000000,6732000000,6815000000,13445000000,-363000000,6732000000,JPMorgan Chase & Co.,JPM
2017-06-30,USD,9407000000,29173000000,15721000000,2782000000,-3542000000,11305000000,None,12949000000,1889000000,12208000000,15650000000,3442000000,13523000000,None,None,1504000000,9749000000,2720000000,3442000000,7029000000,7560000000,13191000000,104000000,7029000000,JPMorgan Chase & Co.,JPM
2017-03-31,USD,7850000000,27917000000,16334000000,2789000000,-5614000000,11921000000,None,13464000000,1888000000,12064000000,15042000000,2978000000,12875000000,None,None,1464000000,8341000000,1893000000,2978000000,6448000000,6700000000,11319000000,-691000000,6448000000,JPMorgan Chase & Co.,JPM
2016-12-31,USD,11202000000,26990000000,14697000000,3577000000,-2737000000,12197000000,None,13939000000,1796000000,11753000000,14466000000,2713000000,12524000000,None,None,1446000000,8679000000,1952000000,2713000000,6727000000,4078000000,11392000000,-707000000,6727000000,JPMorgan Chase & Co.,JPM
2016-09-30,USD,8376000000,27140000000,15734000000,2640000000,-4352000000,11063000000,None,12728000000,1801000000,11603000000,14070000000,2467000000,13070000000,None,None,1407000000,8939000000,2653000000,2467000000,6286000000,6142000000,11406000000,-403000000,6286000000,JPMorgan Chase & Co.,JPM
2016-06-30,USD,8589000000,26846000000,15040000000,2564000000,-3695000000,10584000000,None,12284000000,1822000000,11347000000,13813000000,2466000000,13033000000,None,None,1336000000,9340000000,3140000000,2466000000,6200000000,7036000000,11806000000,-42000000,6200000000,JPMorgan Chase & Co.,JPM
2016-03-31,USD,6369000000,25411000000,15661000000,2501000000,-6043000000,10864000000,None,12412000000,1885000000,11380000000,13552000000,2172000000,11859000000,None,None,1289000000,7578000000,2058000000,2172000000,5520000000,5956000000,9750000000,-428000000,5520000000,JPMorgan Chase & Co.,JPM
2015-12-31,USD,8438000000,24815000000,15514000000,3181000000,-5058000000,11672000000,None,13496000000,2111000000,11225000000,13155000000,1930000000,11660000000,None,None,1273000000,7371000000,1937000000,1930000000,5434000000,4875000000,9301000000,-657000000,5434000000,JPMorgan Chase & Co.,JPM
2015-09-30,USD,6584000000,24595000000,16050000000,2511000000,-5727000000,10535000000,None,12311000000,1992000000,10924000000,12739000000,1815000000,11856000000,None,None,1248000000,6730000000,-74000000,1815000000,6804000000,6453000000,8545000000,-1733000000,6804000000,JPMorgan Chase & Co.,JPM
2015-06-30,USD,7946000000,25642000000,15435000000,2422000000,-4580000000,10758000000,None,12526000000,2031000000,10684000000,12514000000,1830000000,13128000000,None,None,1238000000,8377000000,2087000000,1830000000,6290000000,4962000000,10207000000,-805000000,6290000000,JPMorgan Chase & Co.,JPM
2015-03-31,USD,7734000000,25954000000,15842000000,2424000000,-4958000000,11058000000,None,12692000000,2122000000,10677000000,12565000000,1888000000,13389000000,None,None,1181000000,8224000000,2310000000,1888000000,5914000000,6155000000,10112000000,-1149000000,5914000000,JPMorgan Chase & Co.,JPM
2014-12-31,USD,6263000000,23419000000,16249000000,2729000000,-7842000000,11959000000,None,14105000000,2256000000,11062000000,12951000000,1889000000,11688000000,None,None,66000000,6501000000,1570000000,1889000000,4931000000,3854000000,8390000000,8456000000,4931000000,JPMorgan Chase & Co.,JPM
2014-09-30,USD,7691000000,24246000000,16555000000,2443000000,-5151000000,10884000000,None,12842000000,2290000000,11107000000,12926000000,1819000000,13362000000,None,None,51000000,7914000000,2349000000,1819000000,5572000000,5393000000,9733000000,9784000000,5565000000,JPMorgan Chase & Co.,JPM
2014-06-30,USD,9023000000,24454000000,15431000000,2406000000,-1676000000,9693000000,None,12762000000,2277000000,10798000000,12861000000,2063000000,13880000000,None,None,132000000,8555000000,2575000000,2063000000,5985000000,7142000000,10618000000,10750000000,5980000000,JPMorgan Chase & Co.,JPM
2014-03-31,USD,8357000000,22993000000,14636000000,2363000000,-2530000000,9834000000,None,13013000000,2217000000,10667000000,12793000000,2126000000,12548000000,None,None,131000000,7729000000,2460000000,2126000000,5274000000,6346000000,9855000000,9986000000,5269000000,JPMorgan Chase & Co.,JPM
2013-12-31,USD,7604000000,23917000000,15552000000,2459000000,-2695000000,9173000000,None,12654000000,2147000000,10907000000,13166000000,2259000000,13010000000,None,None,193000000,8261000000,3020000000,2355000000,5278000000,6050000000,10520000000,10713000000,5241000000,JPMorgan Chase & Co.,JPM
2013-09-30,USD,-509000000,23117000000,23626000000,2303000000,-10819000000,9269000000,None,12697000000,1997000000,10775000000,13066000000,2291000000,12342000000,13162000000,None,140000000,34000000,414000000,2387000000,-380000000,-126000000,2325000000,2465000000,-380000000,JPMorgan Chase & Co.,JPM
2013-06-30,USD,9345000000,25211000000,15866000000,2265000000,-1675000000,9958000000,None,13363000000,1778000000,10704000000,13072000000,2368000000,14507000000,13145000000,None,152000000,9298000000,2802000000,2441000000,6496000000,3141000000,11666000000,11818000000,6496000000,JPMorgan Chase & Co.,JPM
2013-03-31,USD,9699000000,25122000000,15423000000,2233000000,-1689000000,10335000000,None,13731000000,1890000000,10933000000,13365000000,2432000000,14189000000,13427000000,None,152000000,9082000000,2553000000,2494000000,6529000000,5918000000,11514000000,11666000000,6529000000,JPMorgan Chase & Co.,JPM
2012-12-31,USD,7606000000,23653000000,16047000000,3168000000,-2746000000,9049000000,None,12809000000,1779000000,11122000000,13524000000,2402000000,12531000000,None,None,391000000,6950000000,1258000000,2512000000,5692000000,5368000000,9352000000,9743000000,5692000000,JPMorgan Chase & Co.,JPM
2012-09-30,USD,9775000000,25146000000,15371000000,2285000000,-805000000,9422000000,None,13125000000,1764000000,10976000000,13629000000,2653000000,14170000000,None,None,182000000,7986000000,2278000000,2653000000,5708000000,7862000000,10639000000,10821000000,5708000000,JPMorgan Chase & Co.,JPM
2012-06-30,USD,7214000000,22180000000,14966000000,2362000000,-2182000000,8069000000,None,12265000000,2101000000,11146000000,14099000000,2953000000,11034000000,None,None,191000000,7000000000,2040000000,2953000000,4960000000,4587000000,9953000000,10144000000,4960000000,JPMorgan Chase & Co.,JPM
2012-03-31,USD,-603000000,26052000000,18345000000,2232000000,-11057000000,9293000000,None,13489000000,2295000000,11666000000,14701000000,3035000000,14386000000,None,None,193000000,6981000000,2057000000,3035000000,7425000000,6625000000,10016000000,10209000000,4924000000,JPMorgan Chase & Co.,JPM
2011-12-31,USD,4738000000,21471000000,16733000000,5107000000,-3645000000,7111000000,None,11281000000,2253000000,12131000000,15054000000,2923000000,9340000000,None,None,207000000,4747000000,1019000000,2923000000,3728000000,2708000000,7670000000,7877000000,3728000000,JPMorgan Chase & Co.,JPM
2011-09-30,USD,8229000000,23763000000,15534000000,2183000000,-767000000,7834000000,None,12306000000,2156000000,11817000000,15160000000,3343000000,11946000000,None,None,212000000,5818000000,1556000000,3343000000,4262000000,4588000000,9161000000,9373000000,4262000000,JPMorgan Chase & Co.,JPM
2011-06-30,USD,9937000000,26779000000,16842000000,2152000000,490000000,8313000000,None,13139000000,None,11836000000,15632000000,3796000000,14943000000,None,None,212000000,8127000000,2696000000,3796000000,5431000000,6357000000,11923000000,12135000000,5431000000,JPMorgan Chase & Co.,JPM
2011-03-31,USD,8030000000,25221000000,17191000000,2178000000,-1109000000,8922000000,None,12615000000,None,11905000000,15447000000,3542000000,13316000000,None,None,217000000,8057000000,2502000000,3542000000,5555000000,5266000000,11599000000,11816000000,5555000000,JPMorgan Chase & Co.,JPM
2010-12-31,USD,6848000000,26098000000,19250000000,6553000000,4653000000,7155000000,None,5630000000,None,12102000000,15612000000,3510000000,13996000000,None,None,240000000,7012000000,2181000000,3510000000,4831000000,2736000000,10522000000,10762000000,4831000000,JPMorgan Chase & Co.,JPM
2010-09-30,USD,9426000000,23824000000,14398000000,2068000000,396000000,7312000000,None,12003000000,None,12502000000,15606000000,3104000000,11322000000,None,None,218000000,6203000000,1785000000,3104000000,4418000000,5125000000,9307000000,9525000000,4418000000,JPMorgan Chase & Co.,JPM
2010-06-30,USD,10470000000,25101000000,14631000000,2048000000,1199000000,8244000000,None,12154000000,None,12687000000,15719000000,3032000000,12414000000,None,None,235000000,7107000000,2312000000,3032000000,4795000000,6438000000,10139000000,10374000000,4795000000,JPMorgan Chase & Co.,JPM
2010-03-31,USD,11547000000,27671000000,16124000000,2006000000,3445000000,7859000000,None,11237000000,None,13710000000,16845000000,3135000000,13961000000,None,None,243000000,4537000000,1211000000,3135000000,3326000000,4307000000,7672000000,7915000000,3326000000,JPMorgan Chase & Co.,JPM
2009-12-31,USD,11160000000,23164000000,12004000000,10521000000,5256000000,5648000000,None,9141000000,None,12378000000,15615000000,3237000000,10786000000,None,None,256000000,3876000000,598000000,3237000000,3278000000,2904000000,7113000000,7369000000,3278000000,JPMorgan Chase & Co.,JPM
2009-09-30,USD,13167000000,26622000000,13455000000,2063000000,5162000000,7751000000,None,11528000000,None,12737000000,16260000000,3523000000,13885000000,None,None,254000000,5139000000,1551000000,3523000000,3512000000,7309000000,8662000000,8916000000,3588000000,JPMorgan Chase & Co.,JPM
2009-06-30,USD,12103000000,25623000000,13520000000,2070000000,4504000000,7334000000,None,11478000000,None,12670000000,16549000000,3879000000,12953000000,None,None,265000000,4072000000,1351000000,3879000000,5442000000,3773000000,7951000000,8216000000,2721000000,JPMorgan Chase & Co.,JPM
2009-03-31,USD,22994000000,25025000000,2031000000,2031000000,8026000000,8734000000,None,384000000,None,13367000000,17926000000,4559000000,11658000000,None,None,686000000,3056000000,915000000,None,None,3338000000,7615000000,8712000000,2141000000,JPMorgan Chase & Co.,JPM
2008-12-31,USD,17226000000,17226000000,15112000000,15112000000,8612000000,5024000000,None,-8614000000,None,13832000000,21631000000,7799000000,3394000000,None,None,1156000000,-17000000,-719000000,None,None,-2758000000,7782000000,9768000000,702000000,JPMorgan Chase & Co.,JPM
2008-09-30,USD,12859000000,14737000000,1878000000,1878000000,7536000000,6970000000,None,453000000,None,8994000000,17326000000,8332000000,5743000000,None,None,1115000000,-1606000000,-2133000000,None,None,None,6726000000,8651000000,527000000,JPMorgan Chase & Co.,JPM
2008-06-30,USD,16702000000,18399000000,1697000000,1697000000,11002000000,7941000000,None,413000000,None,8294000000,16529000000,8235000000,10105000000,None,None,1212000000,2767000000,764000000,None,None,None,11002000000,12214000000,2003000000,JPMorgan Chase & Co.,JPM
2024-06-30,USD,6303000000,8900000000,2597000000,1773000000,5938000000,760000000,None,1024000000,None,-196000000,None,196000000,8900000000,247000000,None,264000000,5989000000,1117000000,196000000,4872000000,4810000000,5938000000,6202000000,4872000000,Visa Inc.,V
2024-03-31,USD,6051000000,8693000000,2642000000,2041000000,5354000000,790000000,None,1039000000,None,-82000000,None,82000000,8775000000,241000000,None,249000000,5513000000,850000000,None,4663000000,4320000000,5354000000,5603000000,4663000000,Visa Inc.,V
2023-12-31,USD,6088000000,8447000000,2359000000,1660000000,5954000000,633000000,None,880000000,None,-187000000,None,187000000,8634000000,275000000,None,247000000,6042000000,1152000000,None,4890000000,5552000000,5954000000,6201000000,4890000000,Visa Inc.,V
2023-09-30,USD,5843000000,8403000000,2560000000,1695000000,5550000000,815000000,None,1062000000,None,-183000000,None,183000000,8584000000,269000000,None,247000000,5636000000,955000000,None,4681000000,4342000000,5550000000,5797000000,4681000000,Visa Inc.,V
2023-06-30,USD,5614000000,7941000000,2327000000,1663000000,5024000000,611000000,None,846000000,None,-182000000,122000000,182000000,8123000000,304000000,None,235000000,5146000000,990000000,182000000,4156000000,4168000000,5024000000,5259000000,4156000000,Visa Inc.,V
2023-03-31,USD,5503000000,7843000000,2340000000,1694000000,5336000000,591000000,None,825000000,None,-142000000,58000000,142000000,7985000000,84000000,None,234000000,5278000000,1021000000,None,4257000000,4526000000,5336000000,5570000000,4257000000,Visa Inc.,V
2022-12-31,USD,5581000000,7799000000,2218000000,1515000000,5090000000,654000000,None,881000000,None,-137000000,113000000,137000000,7936000000,24000000,None,227000000,4977000000,798000000,None,4179000000,5289000000,5090000000,5317000000,4179000000,Visa Inc.,V
2022-09-30,USD,5498000000,7847000000,2349000000,1541000000,5087000000,767000000,None,993000000,None,-159000000,219000000,159000000,7938000000,-60000000,None,226000000,4868000000,928000000,None,176000000,176000000,5087000000,5313000000,3940000000,Visa Inc.,V
2022-06-30,USD,5049000000,7164000000,2115000000,1461000000,4148000000,602000000,None,832000000,None,-111000000,319000000,111000000,7275000000,-208000000,None,230000000,3829000000,418000000,None,3411000000,2549000000,4148000000,4378000000,3411000000,Visa Inc.,V
2022-03-31,USD,4983000000,7055000000,2072000000,1416000000,4802000000,639000000,None,846000000,None,-134000000,260000000,134000000,7189000000,-126000000,None,207000000,4542000000,895000000,None,3647000000,3314000000,4802000000,5009000000,3647000000,Visa Inc.,V
2021-12-31,USD,5080000000,6925000000,1845000000,1315000000,4776000000,522000000,None,720000000,None,-134000000,121000000,134000000,7059000000,255000000,None,198000000,4897000000,938000000,None,3959000000,3451000000,4776000000,4974000000,3959000000,Visa Inc.,V
2021-09-30,USD,4695000000,6616000000,1921000000,1239000000,4315000000,672000000,None,874000000,None,-125000000,17000000,125000000,6741000000,108000000,None,202000000,4298000000,714000000,None,3584000000,3419000000,4315000000,4517000000,3584000000,Visa Inc.,V
2021-06-30,USD,4225000000,5999000000,1774000000,1284000000,4064000000,472000000,None,676000000,None,-131000000,131000000,131000000,6130000000,456000000,None,204000000,4389000000,1814000000,None,2575000000,2804000000,4064000000,4268000000,2575000000,Visa Inc.,V
2021-03-31,USD,3724000000,5608000000,1884000000,1293000000,3581000000,569000000,None,770000000,None,-121000000,121000000,121000000,5729000000,168000000,None,201000000,3628000000,602000000,None,3026000000,2244000000,3581000000,3782000000,3026000000,Visa Inc.,V
2020-12-31,USD,3965000000,5551000000,1586000000,1154000000,3844000000,408000000,None,605000000,None,-136000000,136000000,136000000,5687000000,40000000,None,197000000,3748000000,622000000,None,3126000000,3926000000,3844000000,4041000000,3126000000,Visa Inc.,V
2020-09-30,USD,3805000000,5467000000,1662000000,1113000000,3142000000,544000000,None,740000000,None,-145000000,145000000,145000000,-16596000000,58000000,None,196000000,3055000000,918000000,None,2137000000,2770000000,3142000000,3338000000,2137000000,Visa Inc.,V
2020-06-30,USD,3125000000,4695000000,1570000000,1113000000,2999000000,432000000,None,629000000,None,-142000000,142000000,142000000,4837000000,75000000,None,197000000,2932000000,559000000,None,2373000000,2538000000,2999000000,3196000000,2373000000,Visa Inc.,V
2020-03-31,USD,4101000000,5737000000,1636000000,1123000000,3924000000,504000000,None,696000000,None,-118000000,118000000,118000000,5855000000,23000000,None,192000000,3829000000,745000000,None,3084000000,2980000000,3924000000,4116000000,3084000000,Visa Inc.,V
2019-12-31,USD,4196000000,5947000000,1751000000,1163000000,4016000000,587000000,None,769000000,None,-111000000,111000000,111000000,6058000000,69000000,None,182000000,3974000000,702000000,None,3272000000,3607000000,4016000000,4198000000,3272000000,Visa Inc.,V
2019-09-30,USD,4447000000,6137000000,1690000000,1064000000,3735000000,647000000,None,819000000,None,-120000000,120000000,120000000,80000000,96000000,None,172000000,3711000000,686000000,None,3025000000,2265000000,3735000000,3907000000,3025000000,Visa Inc.,V
2019-06-30,USD,4206000000,5840000000,1634000000,1056000000,3908000000,597000000,None,762000000,None,-128000000,128000000,128000000,1000000,86000000,None,165000000,3866000000,765000000,None,3101000000,3297000000,3908000000,4073000000,3101000000,Visa Inc.,V
2019-03-31,USD,3935000000,5494000000,1559000000,1065000000,3641000000,505000000,None,665000000,None,-140000000,140000000,140000000,15000000,176000000,None,160000000,3677000000,700000000,None,2977000000,2616000000,3641000000,3801000000,2977000000,Visa Inc.,V
2018-12-31,USD,3988000000,5506000000,1518000000,980000000,3717000000,552000000,None,711000000,None,-145000000,None,145000000,5506000000,58000000,None,159000000,3630000000,653000000,None,2977000000,2698000000,3717000000,3876000000,2977000000,Visa Inc.,V
2018-09-30,USD,1380000000,5434000000,4054000000,1003000000,3406000000,721000000,312000000,884000000,None,-150000000,None,150000000,None,282000000,None,163000000,3538000000,693000000,None,2845000000,2651000000,3406000000,3569000000,2845000000,Visa Inc.,V
2018-06-30,USD,4618000000,5240000000,622000000,1021000000,2885000000,470000000,None,622000000,None,-155000000,None,155000000,None,82000000,None,152000000,2812000000,483000000,None,2329000000,1342000000,2885000000,3037000000,2329000000,Visa Inc.,V
2018-03-31,USD,4437000000,5073000000,636000000,993000000,3336000000,483000000,None,636000000,None,-153000000,None,153000000,None,34000000,None,153000000,3217000000,612000000,None,2605000000,3130000000,3336000000,3489000000,2605000000,Visa Inc.,V
2017-12-31,USD,4258000000,4862000000,604000000,839000000,3327000000,459000000,None,604000000,None,-154000000,None,154000000,None,66000000,None,145000000,3239000000,717000000,None,2522000000,2847000000,3327000000,3472000000,2522000000,Visa Inc.,V
2017-09-30,USD,4180000000,4855000000,675000000,822000000,3212000000,528000000,285000000,675000000,None,-148000000,None,148000000,None,35000000,None,147000000,3099000000,959000000,None,2140000000,2900000000,3212000000,3359000000,2140000000,Visa Inc.,V
2017-06-30,USD,3982000000,4565000000,583000000,856000000,3024000000,451000000,None,583000000,None,-140000000,None,140000000,None,30000000,None,132000000,2914000000,855000000,None,2059000000,3157000000,3024000000,3156000000,2059000000,Visa Inc.,V
2017-03-31,USD,3747000000,4477000000,730000000,854000000,2808000000,599000000,None,730000000,None,-135000000,None,135000000,None,29000000,None,131000000,2702000000,2272000000,None,430000000,819000000,2808000000,2939000000,430000000,Visa Inc.,V
2016-12-31,USD,3911000000,4461000000,550000000,716000000,3100000000,404000000,None,550000000,None,-140000000,None,140000000,None,19000000,None,146000000,2979000000,909000000,None,2070000000,1159000000,3100000000,3246000000,2070000000,Visa Inc.,V
2016-09-30,USD,3590000000,4261000000,671000000,851000000,2625000000,530000000,None,671000000,None,-135000000,None,135000000,None,20000000,None,141000000,2510000000,579000000,None,1931000000,2016000000,2625000000,2766000000,1931000000,Visa Inc.,V
2016-06-30,USD,3075000000,3630000000,555000000,632000000,428000000,435000000,None,555000000,None,-131000000,None,131000000,145000000,125000000,None,120000000,422000000,10000000,None,412000000,-35000000,428000000,548000000,412000000,Visa Inc.,V
2016-03-31,USD,3155000000,3626000000,471000000,654000000,2434000000,350000000,None,471000000,None,-132000000,None,132000000,None,139000000,None,121000000,2441000000,734000000,132000000,1707000000,1660000000,2573000000,2694000000,1707000000,Visa Inc.,V
2015-12-31,USD,3095000000,3565000000,470000000,627000000,2396000000,350000000,None,470000000,None,-29000000,None,29000000,None,272000000,None,120000000,2639000000,698000000,29000000,1941000000,1966000000,2668000000,2788000000,1941000000,Visa Inc.,V
2015-09-30,USD,3056000000,3571000000,515000000,655000000,2283000000,396000000,None,515000000,None,-1000000,None,3000000,None,1000000,None,119000000,2283000000,771000000,None,1512000000,1442000000,2283000000,2402000000,1512000000,Visa Inc.,V
2015-06-30,USD,3027000000,3518000000,491000000,683000000,2262000000,361000000,None,491000000,None,8000000,None,None,None,-102000000,None,130000000,2168000000,471000000,None,1697000000,1662000000,2262000000,2392000000,1697000000,Visa Inc.,V
2015-03-31,USD,2953000000,3409000000,456000000,592000000,2281000000,331000000,None,456000000,None,-7000000,None,7000000,None,8000000,None,125000000,2282000000,732000000,7000000,1550000000,1571000000,2289000000,2414000000,1550000000,Visa Inc.,V
2014-12-31,USD,2931000000,3382000000,451000000,623000000,2238000000,331000000,None,451000000,None,-3000000,None,3000000,None,27000000,None,120000000,2262000000,693000000,3000000,1569000000,1596000000,2265000000,2385000000,1569000000,Visa Inc.,V
2014-09-30,USD,2957000000,3229000000,272000000,624000000,1552000000,394000000,None,272000000,None,None,None,None,None,-2000000,None,112000000,1550000000,477000000,None,1073000000,-3293000000,1552000000,1664000000,1073000000,Visa Inc.,V
2014-06-30,USD,2610000000,3155000000,545000000,590000000,2020000000,354000000,None,545000000,None,None,None,None,None,10000000,None,109000000,2030000000,670000000,None,1360000000,2678000000,2020000000,2129000000,1360000000,Visa Inc.,V
2014-03-31,USD,2614000000,3163000000,549000000,566000000,2048000000,365000000,None,549000000,None,None,None,None,None,13000000,None,107000000,2061000000,463000000,None,1598000000,3179000000,2048000000,2155000000,1598000000,Visa Inc.,V
2013-12-31,USD,2679000000,3155000000,476000000,602000000,2077000000,294000000,None,476000000,None,None,None,None,None,6000000,None,107000000,2083000000,676000000,None,1407000000,2836000000,2077000000,2184000000,1407000000,Visa Inc.,V
2013-09-30,USD,2372000000,2973000000,601000000,621000000,1751000000,365000000,None,596000000,None,None,None,None,None,15000000,None,106000000,1766000000,574000000,None,1192000000,1329000000,1751000000,1857000000,1192000000,Visa Inc.,V
2013-06-30,USD,2437000000,3001000000,564000000,610000000,1828000000,360000000,None,564000000,None,None,None,None,None,5000000,None,101000000,1833000000,608000000,None,1225000000,1242000000,1828000000,1929000000,1225000000,Visa Inc.,V
2013-03-31,USD,2466000000,2958000000,492000000,605000000,1860000000,303000000,None,492000000,None,None,None,None,None,-3000000,None,98000000,1857000000,587000000,None,1270000000,1274000000,1860000000,1958000000,1270000000,Visa Inc.,V
2012-12-31,USD,2367000000,2846000000,479000000,564000000,1800000000,299000000,None,479000000,None,None,None,None,None,1000000,None,92000000,1801000000,508000000,None,1293000000,1327000000,1800000000,1892000000,1293000000,Visa Inc.,V
2012-09-30,USD,2106000000,2731000000,625000000,582000000,1522000000,402000000,None,596000000,5000000,74000000,None,1000000,None,4000000,None,89000000,1588000000,-74000000,None,3869000000,1666000000,1522000000,1611000000,1662000000,Visa Inc.,V
2012-06-30,USD,2028000000,2565000000,537000000,537000000,-2607000000,354000000,None,537000000,12000000,-11000000,None,11000000,None,-1000000,None,84000000,-2607000000,-768000000,None,-1828000000,-1838000000,-2607000000,-2523000000,-1839000000,Visa Inc.,V
2012-03-31,USD,2140000000,2578000000,438000000,534000000,1606000000,276000000,None,438000000,9000000,-7000000,None,7000000,None,1000000,None,80000000,1609000000,317000000,None,1292000000,1288000000,1606000000,1686000000,1292000000,Visa Inc.,V
2011-12-31,USD,2105000000,2547000000,442000000,487000000,1618000000,292000000,None,442000000,10000000,-10000000,None,10000000,None,-1000000,None,80000000,1619000000,590000000,None,1027000000,1033000000,1618000000,1698000000,1029000000,Visa Inc.,V
2011-09-30,USD,2383000000,2383000000,526000000,494000000,1362000000,334000000,None,526000000,1000000,-13000000,None,13000000,None,4000000,None,77000000,1356000000,476000000,None,1362000000,840000000,1362000000,1439000000,880000000,Visa Inc.,V
2011-06-30,USD,1799000000,2322000000,523000000,454000000,1345000000,365000000,None,523000000,88000000,-11000000,None,11000000,None,121000000,None,74000000,1544000000,539000000,None,1004000000,1008000000,1345000000,1419000000,1005000000,Visa Inc.,V
2011-03-31,USD,1820000000,2245000000,425000000,431000000,1383000000,278000000,None,425000000,9000000,-12000000,None,12000000,None,-3000000,None,70000000,1378000000,497000000,None,880000000,892000000,1383000000,1453000000,881000000,Visa Inc.,V
2010-12-31,USD,1803000000,2238000000,435000000,437000000,1366000000,307000000,None,435000000,10000000,4000000,None,4000000,None,2000000,None,67000000,1382000000,498000000,None,884000000,885000000,1366000000,1433000000,884000000,Visa Inc.,V
2010-09-30,USD,2117000000,2117000000,536000000,472000000,1113000000,350000000,None,551000000,20000000,-15000000,None,15000000,None,77000000,None,78000000,1196000000,422000000,15000000,1113000000,705000000,1211000000,1289000000,774000000,Visa Inc.,V
2010-06-30,USD,1525000000,2029000000,504000000,388000000,1137000000,364000000,None,517000000,1000000,-13000000,None,13000000,None,-3000000,None,63000000,1122000000,406000000,13000000,713000000,733000000,1135000000,1198000000,716000000,Visa Inc.,V
2010-03-31,USD,1532000000,1959000000,427000000,408000000,1122000000,315000000,None,455000000,23000000,-28000000,None,28000000,None,-4000000,None,62000000,1114000000,401000000,28000000,710000000,789000000,1142000000,1204000000,713000000,Visa Inc.,V
2009-12-31,USD,1552000000,1960000000,408000000,379000000,1217000000,294000000,None,424000000,5000000,-16000000,None,16000000,None,2000000,None,62000000,1208000000,445000000,16000000,763000000,776000000,1224000000,1286000000,763000000,Visa Inc.,V
2009-09-30,USD,1311000000,1879000000,568000000,445000000,869000000,396000000,None,593000000,18000000,-25000000,None,25000000,None,1000000,None,61000000,863000000,349000000,25000000,-1326000000,428000000,888000000,949000000,514000000,Visa Inc.,V
2009-06-30,USD,1182000000,1646000000,464000000,359000000,822000000,325000000,None,494000000,504000000,-30000000,None,30000000,None,1000000,None,57000000,1297000000,568000000,30000000,1458000000,715000000,1327000000,1384000000,729000000,Visa Inc.,V
2009-03-31,USD,1283000000,1647000000,364000000,364000000,881000000,150000000,None,402000000,34000000,None,None,30000000,None,1000000,None,56000000,888000000,352000000,None,None,542000000,881000000,937000000,536000000,Visa Inc.,V
2008-12-31,USD,1371000000,1739000000,368000000,368000000,966000000,143000000,None,405000000,19000000,None,None,30000000,None,-1000000,None,52000000,953000000,379000000,None,None,550000000,966000000,1018000000,574000000,Visa Inc.,V
2008-09-30,USD,1298000000,1709000000,411000000,411000000,-443000000,234000000,None,271000000,39000000,None,None,143000000,None,0,None,59000000,-431000000,-75000000,None,None,-417000000,-443000000,-384000000,-356000000,Visa Inc.,V
2008-06-30,USD,1219000000,1613000000,394000000,394000000,648000000,193000000,None,571000000,97000000,None,None,30000000,None,-1000000,None,57000000,714000000,292000000,None,None,418000000,648000000,705000000,422000000,Visa Inc.,V
2024-06-30,USD,15578000000,22447000000,13637000000,6869000000,5370000000,5681000000,3440000000,10208000000,395000000,125000000,395000000,270000000,22447000000,-653000000,None,1100000000,5748000000,1062000000,270000000,4686000000,4201000000,5370000000,6470000000,4686000000,Johnson & Johnson,JNJ
2024-03-31,USD,14872000000,21228000000,13217000000,6511000000,4624000000,5257000000,3542000000,10248000000,364000000,-155000000,364000000,155000000,21383000000,-2404000000,None,1100000000,3714000000,459000000,155000000,3255000000,5014000000,3869000000,4969000000,3255000000,Johnson & Johnson,JNJ
2023-12-31,USD,14597000000,21395000000,14139000000,6798000000,14597000000,5810000000,-10122000000,-2881000000,363000000,-151000000,363000000,151000000,21395000000,421000000,None,1100000000,4743000000,694000000,151000000,4132000000,4826000000,4894000000,5994000000,4049000000,Johnson & Johnson,JNJ
2023-09-30,USD,14745000000,21159000000,13264000000,6606000000,4640000000,5400000000,3447000000,10105000000,374000000,-192000000,374000000,192000000,21351000000,-499000000,None,1100000000,26936000000,908000000,192000000,4309000000,25750000000,27128000000,28228000000,26028000000,Johnson & Johnson,JNJ
2023-06-30,USD,15057000000,25184000000,16222000000,6462000000,5479000000,5396000000,3829000000,11839000000,369000000,-346000000,369000000,346000000,25530000000,384000000,None,1200000000,6762000000,930000000,346000000,5376000000,4087000000,7108000000,8308000000,5144000000,Johnson & Johnson,JNJ
2023-03-31,USD,14207000000,20894000000,300000000,6687000000,-600000000,4906000000,3455000000,300000000,198000000,-212000000,235000000,212000000,20894000000,-6940000000,None,1100000000,-737000000,-796000000,212000000,-491000000,273000000,-522000000,678000000,-68000000,Johnson & Johnson,JNJ
2022-12-31,USD,13855000000,19939000000,13127000000,12577000000,13855000000,9858000000,-10425000000,-3385000000,254000000,-177000000,254000000,177000000,19939000000,-1856000000,None,900000000,4928000000,1408000000,177000000,3227000000,3840000000,5105000000,5210000000,3520000000,Johnson & Johnson,JNJ
2022-09-30,USD,13824000000,19945000000,12212000000,6172000000,4299000000,4975000000,3485000000,9525000000,150000000,-51000000,150000000,51000000,19996000000,-226000000,None,1000000000,5320000000,862000000,51000000,4310000000,3009000000,5371000000,6371000000,4458000000,Johnson & Johnson,JNJ
2022-06-30,USD,16101000000,23982000000,15330000000,7919000000,4987000000,6226000000,3703000000,11114000000,64000000,-38000000,64000000,38000000,24020000000,-273000000,None,1100000000,5840000000,1026000000,38000000,4814000000,4728000000,5878000000,6978000000,4814000000,Johnson & Johnson,JNJ
2022-03-31,USD,15828000000,23416000000,15316000000,7598000000,4032000000,5938000000,4072000000,11796000000,22000000,-10000000,22000000,10000000,23426000000,102000000,None,1100000000,5862000000,713000000,10000000,5149000000,4450000000,5872000000,6972000000,5149000000,Johnson & Johnson,JNJ
2021-12-31,USD,16849000000,24508000000,16317000000,7955000000,3755000000,7154000000,4720000000,13094000000,13000000,-60000000,13000000,60000000,24568000000,-9000000,None,1100000000,4836000000,100000000,60000000,4736000000,7093000000,4896000000,5996000000,4736000000,Johnson & Johnson,JNJ
2021-09-30,USD,16088000000,23318000000,14410000000,7250000000,4606000000,6000000000,4322000000,11482000000,13000000,-20000000,13000000,20000000,23338000000,-1850000000,None,1100000000,3849000000,182000000,20000000,3667000000,3352000000,3869000000,4969000000,3667000000,Johnson & Johnson,JNJ
2021-06-30,USD,15725000000,23272000000,14916000000,7587000000,5002000000,6073000000,3394000000,10723000000,12000000,-40000000,12000000,40000000,23312000000,488000000,None,1200000000,6662000000,384000000,40000000,6278000000,6506000000,6702000000,7902000000,6278000000,Johnson & Johnson,JNJ
2021-03-31,USD,15258000000,22258000000,13762000000,7063000000,5394000000,5432000000,3178000000,9864000000,15000000,-63000000,15000000,63000000,22321000000,882000000,None,1200000000,7429000000,1232000000,63000000,6197000000,6111000000,7492000000,8692000000,6197000000,Johnson & Johnson,JNJ
2020-12-31,USD,14661000000,22179000000,15666000000,7814000000,2751000000,6457000000,4069000000,11910000000,13000000,-87000000,13000000,87000000,22266000000,-2354000000,None,1300000000,1647000000,-91000000,87000000,1738000000,1434000000,1734000000,3034000000,1738000000,Johnson & Johnson,JNJ
2020-09-30,USD,14110000000,21038000000,13671000000,6972000000,4433000000,5431000000,2978000000,9677000000,12000000,-44000000,12000000,44000000,21082000000,-1200000000,None,1200000000,4401000000,847000000,44000000,3554000000,4149000000,4445000000,5645000000,3554000000,Johnson & Johnson,JNJ
2020-06-30,USD,11757000000,18291000000,12733000000,6579000000,2890000000,4993000000,2713000000,8867000000,19000000,-45000000,19000000,45000000,18336000000,-24000000,None,1100000000,3940000000,314000000,45000000,3626000000,4336000000,3985000000,5085000000,3626000000,Johnson & Johnson,JNJ
2020-03-31,USD,13629000000,20666000000,13434000000,7062000000,4655000000,5203000000,2580000000,8974000000,67000000,-25000000,67000000,25000000,20691000000,679000000,None,1100000000,6509000000,713000000,25000000,5796000000,5444000000,6534000000,7634000000,5796000000,Johnson & Johnson,JNJ
2019-12-31,USD,13613000000,20747000000,341000000,7134000000,13008000000,6039000000,3232000000,605000000,81000000,-85000000,81000000,85000000,20747000000,-16000000,None,1200000000,4218000000,208000000,85000000,4218000000,4218000000,4303000000,5503000000,4010000000,Johnson & Johnson,JNJ
2019-09-30,USD,13862000000,20681000000,13410000000,6867000000,4720000000,5374000000,2599000000,9142000000,89000000,-48000000,89000000,48000000,20729000000,-4214000000,None,1100000000,1647000000,-106000000,48000000,1753000000,1189000000,1695000000,2795000000,1753000000,Johnson & Johnson,JNJ
2019-06-30,USD,13622000000,20479000000,13643000000,6940000000,4253000000,5546000000,2666000000,9369000000,88000000,-83000000,88000000,83000000,20562000000,1683000000,None,1100000000,7041000000,1434000000,83000000,5607000000,6155000000,7124000000,8224000000,5607000000,Johnson & Johnson,JNJ
2019-03-31,USD,13406000000,19919000000,13883000000,6615000000,2393000000,5219000000,3748000000,11013000000,99000000,-102000000,99000000,102000000,20021000000,22000000,None,1100000000,4422000000,673000000,102000000,3749000000,3454000000,4524000000,5624000000,3749000000,Johnson & Johnson,JNJ
2018-12-31,USD,13433000000,20394000000,227000000,6961000000,11918000000,5991000000,3224000000,1515000000,196000000,-250000000,None,250000000,20394000000,-978000000,None,1100000000,3122000000,80000000,250000000,1222000000,1222000000,3372000000,4472000000,3042000000,Johnson & Johnson,JNJ
2018-09-30,USD,13759000000,20105000000,12220000000,6589000000,4494000000,5543000000,3634000000,9265000000,175000000,-243000000,None,243000000,20348000000,-3000000,None,1100000000,4423000000,489000000,243000000,3934000000,4064000000,4666000000,5766000000,3934000000,Johnson & Johnson,JNJ
2018-06-30,USD,13903000000,20830000000,176000000,6927000000,13024000000,5743000000,2639000000,879000000,126000000,-253000000,None,253000000,20830000000,-364000000,None,1100000000,4973000000,1019000000,253000000,4973000000,1785000000,5226000000,6326000000,3954000000,Johnson & Johnson,JNJ
2018-03-31,USD,13395000000,20009000000,13019000000,6614000000,13395000000,5263000000,2404000000,8789000000,114000000,-259000000,None,259000000,20009000000,-60000000,None,1100000000,5481000000,1114000000,259000000,5481000000,5190000000,5740000000,6840000000,4367000000,Johnson & Johnson,JNJ
2017-12-31,USD,12936000000,20195000000,217000000,7259000000,11682000000,6045000000,408000000,1270000000,85000000,-274000000,None,274000000,20195000000,53000000,None,1100000000,2560000000,13273000000,274000000,2560000000,2560000000,2834000000,3934000000,-10713000000,Johnson & Johnson,JNJ
2017-09-30,USD,12725000000,19650000000,12417000000,6925000000,12630000000,5423000000,2585000000,118000000,74000000,-229000000,None,229000000,19650000000,297000000,None,1100000000,4790000000,1026000000,229000000,4790000000,4251000000,5019000000,6119000000,3764000000,Johnson & Johnson,JNJ
2017-06-30,USD,12993000000,18839000000,11146000000,5846000000,12523000000,5289000000,2296000000,493000000,105000000,-227000000,None,227000000,18839000000,-527000000,None,500000000,4748000000,921000000,227000000,4748000000,5115000000,4975000000,5475000000,3827000000,Johnson & Johnson,JNJ
2017-03-31,USD,12357000000,17766000000,10594000000,5409000000,12380000000,4763000000,2070000000,7242000000,121000000,-204000000,None,204000000,17766000000,219000000,None,300000000,5575000000,1153000000,204000000,5575000000,4801000000,5779000000,6079000000,4422000000,Johnson & Johnson,JNJ
2016-12-31,USD,12572000000,18106000000,12413000000,6508000000,12476000000,5431000000,2640000000,96000000,100000000,-184000000,None,184000000,None,254000000,None,305000000,4324000000,510000000,184000000,4324000000,4324000000,4508000000,4813000000,3814000000,Johnson & Johnson,JNJ
2016-09-30,USD,12334000000,17820000000,10320000000,5486000000,12279000000,4772000000,2178000000,55000000,97000000,-192000000,None,192000000,None,54000000,None,319000000,5281000000,1009000000,192000000,5281000000,4264000000,5473000000,5792000000,4272000000,Johnson & Johnson,JNJ
2016-06-30,USD,13146000000,18482000000,10626000000,5336000000,12546000000,5176000000,2293000000,600000000,88000000,-190000000,None,190000000,None,-557000000,None,294000000,4904000000,907000000,190000000,4904000000,3681000000,5094000000,5388000000,3997000000,Johnson & Johnson,JNJ
2016-03-31,USD,12153000000,17482000000,10501000000,5329000000,12087000000,4688000000,2013000000,66000000,83000000,-160000000,None,160000000,None,39000000,None,282000000,5294000000,837000000,160000000,5294000000,5231000000,5454000000,5736000000,4457000000,Johnson & Johnson,JNJ
2015-12-31,USD,12138000000,17811000000,83000000,6669000000,11841000000,5891000000,214000000,297000000,53000000,-160000000,None,160000000,None,1205000000,None,288000000,3758000000,543000000,160000000,3758000000,3758000000,3918000000,4206000000,3215000000,Johnson & Johnson,JNJ
2015-09-30,USD,11878000000,16979000000,10305000000,5224000000,4633000000,5081000000,2164000000,7245000000,32000000,-123000000,None,123000000,None,-420000000,None,293000000,4122000000,764000000,123000000,3358000000,2551000000,4245000000,4538000000,3358000000,Johnson & Johnson,JNJ
2015-06-30,USD,12430000000,17656000000,10741000000,5357000000,4917000000,5384000000,2129000000,7513000000,24000000,-131000000,None,131000000,None,931000000,None,307000000,5741000000,1225000000,131000000,4516000000,5762000000,5872000000,6179000000,4516000000,Johnson & Johnson,JNJ
2015-03-31,USD,12092000000,17236000000,10441000000,5282000000,5827000000,4847000000,1899000000,7175000000,19000000,-138000000,None,138000000,None,348000000,None,312000000,5575000000,1255000000,138000000,4320000000,1742000000,5713000000,6025000000,4320000000,Johnson & Johnson,JNJ
2014-12-31,USD,12401000000,18254000000,325000000,6921000000,3012000000,5822000000,156000000,156000000,17000000,-139000000,None,139000000,None,-963000000,None,365000000,2703000000,182000000,139000000,2703000000,-2819000000,2842000000,3207000000,2521000000,Johnson & Johnson,JNJ
2014-09-30,USD,13068000000,18467000000,5399000000,5399000000,7053000000,5468000000,2023000000,7621000000,18000000,-130000000,None,130000000,None,1345000000,None,335000000,6810000000,2061000000,130000000,4749000000,2374000000,6940000000,7275000000,4749000000,Johnson & Johnson,JNJ
2014-06-30,USD,13456000000,19495000000,6039000000,6039000000,5875000000,5481000000,2009000000,7618000000,14000000,-128000000,None,128000000,None,-226000000,None,347000000,5626000000,1300000000,128000000,4326000000,3964000000,5754000000,6101000000,4326000000,Johnson & Johnson,JNJ
2014-03-31,USD,12660000000,18115000000,5455000000,5455000000,5651000000,5183000000,1849000000,7531000000,18000000,-136000000,None,136000000,None,-86000000,None,351000000,5424000000,697000000,136000000,4727000000,4942000000,5560000000,5911000000,4727000000,Johnson & Johnson,JNJ
2013-12-31,USD,12400000000,18355000000,13875000000,7083000000,3038000000,5917000000,294000000,294000000,18000000,-134000000,None,134000000,None,-868000000,None,383000000,2750000000,-769000000,134000000,2750000000,6005000000,2884000000,3267000000,3519000000,Johnson & Johnson,JNJ
2013-09-30,USD,12231000000,17575000000,5344000000,5344000000,3872000000,5314000000,2220000000,7639000000,18000000,-105000000,None,105000000,None,-943000000,None,327000000,3667000000,685000000,105000000,2982000000,4446000000,3772000000,4099000000,2982000000,Johnson & Johnson,JNJ
2013-06-30,USD,12388000000,17877000000,5489000000,5489000000,5020000000,5376000000,1946000000,7440000000,17000000,-118000000,None,118000000,None,-172000000,None,318000000,4793000000,960000000,118000000,3833000000,3712000000,4911000000,5229000000,3833000000,Johnson & Johnson,JNJ
2013-03-31,USD,11951000000,17505000000,5554000000,5554000000,4482000000,5223000000,1848000000,7589000000,21000000,-125000000,None,125000000,None,-515000000,None,335000000,4261000000,764000000,125000000,3497000000,2618000000,4386000000,4721000000,3497000000,Johnson & Johnson,JNJ
2012-12-31,USD,11555000000,17558000000,13872000000,7054000000,3342000000,5661000000,59000000,59000000,18000000,-107000000,None,107000000,None,-319000000,None,280000000,3100000000,533000000,107000000,3100000000,1682000000,3207000000,3487000000,2567000000,Johnson & Johnson,JNJ
2012-09-30,USD,11455000000,17052000000,5597000000,5597000000,3825000000,5228000000,2602000000,7965000000,15000000,-135000000,None,135000000,None,90000000,None,378000000,3934000000,966000000,135000000,2629000000,4247000000,4069000000,4447000000,2968000000,Johnson & Johnson,JNJ
2012-06-30,USD,11332000000,16475000000,5143000000,5143000000,2657000000,4965000000,344000000,1061000000,14000000,-143000000,None,143000000,None,-2008000000,None,283000000,2035000000,627000000,143000000,2035000000,-256000000,2178000000,2461000000,1408000000,Johnson & Johnson,JNJ
2012-03-31,USD,11224000000,16139000000,4915000000,4915000000,5130000000,5015000000,1645000000,7054000000,17000000,-147000000,None,147000000,None,611000000,None,205000000,5045000000,1135000000,147000000,5045000000,5002000000,5192000000,5397000000,3910000000,Johnson & Johnson,JNJ
2012-12-31,USD,10917000000,16255000000,12650000000,6360000000,852000000,5458000000,2155000000,9615000000,35000000,-183000000,None,183000000,None,-2858000000,None,1036000000,318000000,100000000,183000000,318000000,-2346000000,501000000,3618000000,218000000,Johnson & Johnson,JNJ
2011-09-30,USD,10933000000,16005000000,10312000000,5072000000,4649000000,5240000000,1773000000,7147000000,17000000,-134000000,None,134000000,None,308000000,None,783000000,4111000000,909000000,134000000,4111000000,1324000000,4245000000,3920000000,3202000000,Johnson & Johnson,JNJ
2011-06-30,USD,11425000000,16597000000,10976000000,5172000000,3538000000,5215000000,1882000000,7815000000,18000000,-129000000,None,129000000,None,-206000000,None,777000000,3422000000,646000000,129000000,3422000000,2776000000,3551000000,5123000000,2776000000,Johnson & Johnson,JNJ
2011-03-31,USD,11395000000,16173000000,9834000000,4778000000,4726000000,5056000000,1738000000,6903000000,21000000,-125000000,None,125000000,None,13000000,None,755000000,4510000000,1034000000,125000000,4510000000,3476000000,4635000000,4588000000,3476000000,Johnson & Johnson,JNJ
2011-12-31,USD,10604000000,15644000000,1186000000,5985000000,2504000000,5180000000,1982000000,1186000000,24000000,-138000000,None,138000000,None,-1100000000,None,843000000,2228000000,286000000,138000000,2228000000,1469000000,2366000000,4182000000,1942000000,Johnson & Johnson,JNJ
2010-09-30,USD,10388000000,14982000000,9303000000,4594000000,4361000000,4709000000,1657000000,6474000000,13000000,-108000000,None,108000000,None,292000000,None,725000000,4219000000,802000000,108000000,4219000000,3417000000,4327000000,3730000000,3417000000,Johnson & Johnson,JNJ
2010-06-30,USD,10700000000,15330000000,9386000000,4630000000,4378000000,4756000000,1648000000,6505000000,43000000,-101000000,None,101000000,None,-18000000,None,711000000,4220000000,771000000,101000000,4220000000,3449000000,4321000000,4314000000,3449000000,Johnson & Johnson,JNJ
2010-03-31,USD,11103000000,15631000000,9307000000,4528000000,6457000000,4779000000,1557000000,6522000000,27000000,-108000000,None,108000000,None,1594000000,None,734000000,6280000000,1754000000,108000000,6280000000,4526000000,6388000000,3173000000,4526000000,Johnson & Johnson,JNJ
2010-12-31,USD,11239000000,16551000000,1374000000,113000000,3355000000,5629000000,2213000000,1261000000,12000000,-93000000,None,93000000,None,361000000,None,769000000,2604000000,398000000,93000000,-2635000000,-2635000000,2697000000,4235000000,2206000000,Johnson & Johnson,JNJ
2009-09-30,USD,10647000000,14939000000,9201000000,4434000000,4263000000,4767000000,1617000000,6526000000,28000000,-142000000,None,142000000,None,96000000,None,675000000,4245000000,900000000,142000000,3345000000,3345000000,4387000000,4263000000,3345000000,Johnson & Johnson,JNJ
2009-06-30,USD,10789000000,15239000000,4450000000,4450000000,4257000000,4797000000,1638000000,6435000000,None,None,None,110000000,None,6000000,None,679000000,4263000000,1055000000,None,3208000000,None,4373000000,4348000000,3208000000,Johnson & Johnson,JNJ
2009-03-31,USD,10775000000,15026000000,4251000000,4251000000,4568000000,4608000000,1518000000,6126000000,None,None,None,106000000,None,75000000,None,676000000,4643000000,1136000000,None,None,None,4749000000,4574000000,3507000000,Johnson & Johnson,JNJ
2024-03-31,USD,6602000000,14879000000,8277000000,3379000000,-1100000000,3495000000,2493000000,7702000000,129000000,-790000000,129000000,790000000,214000000,-680000000,None,1300000000,3408000000,293000000,790000000,3128000000,3319000000,4198000000,5498000000,3115000000,Pfizer Inc.,PFE
2023-12-31,USD,-3889000000,14249000000,18138000000,7563000000,-17882000000,4575000000,2887000000,13771000000,609000000,-688000000,609000000,688000000,52620000000,479000000,None,1200000000,-4164000000,-795000000,688000000,-3335000000,-3364000000,-3476000000,-2276000000,-3369000000,Pfizer Inc.,PFE
2023-09-30,USD,625000000,13232000000,12607000000,9269000000,-5654000000,3281000000,2778000000,6279000000,523000000,-695000000,424000000,695000000,223000000,79000000,None,1200000000,-3346000000,-964000000,695000000,-2388000000,-2247000000,-2651000000,-1451000000,-2382000000,Pfizer Inc.,PFE
2023-06-30,USD,5882000000,12734000000,6852000000,3237000000,-646000000,3497000000,2681000000,6528000000,316000000,-508000000,99000000,508000000,14000000,347000000,None,1184000000,2256000000,-71000000,508000000,2340000000,2514000000,2764000000,4210000000,2327000000,Pfizer Inc.,PFE
2023-03-31,USD,9990000000,18486000000,8496000000,4886000000,3738000000,3418000000,2526000000,6252000000,177000000,-318000000,524000000,318000000,33000000,-275000000,None,1487000000,6258000000,715000000,318000000,5555000000,5558000000,6576000000,7869000000,5543000000,Pfizer Inc.,PFE
2022-12-31,USD,6039000000,24290000000,18251000000,9648000000,-6856000000,4645000000,3688000000,12895000000,137000000,-313000000,57000000,313000000,42000000,846000000,None,1130000000,5224000000,230000000,313000000,5001000000,4916000000,5537000000,7562000000,4994000000,Pfizer Inc.,PFE
2022-09-30,USD,13091000000,22638000000,9547000000,6063000000,5997000000,3391000000,3220000000,7094000000,70000000,-311000000,403000000,311000000,5000000,59000000,None,822000000,8964000000,356000000,311000000,8645000000,7503000000,9275000000,11249000000,8608000000,Pfizer Inc.,PFE
2022-06-30,USD,15598000000,27742000000,12144000000,8648000000,9562000000,3048000000,2816000000,6036000000,30000000,-293000000,30000000,293000000,68000000,-772000000,None,822000000,11476000000,1570000000,293000000,9877000000,8943000000,11769000000,13307000000,9906000000,Pfizer Inc.,PFE
2022-03-31,USD,13182000000,25661000000,12479000000,9984000000,7670000000,2593000000,2656000000,5512000000,14000000,-322000000,14000000,322000000,11000000,-350000000,None,835000000,9036000000,1172000000,322000000,7879000000,7604000000,9358000000,11521000000,7864000000,Pfizer Inc.,PFE
2021-12-31,USD,6731000000,24730000000,16829000000,9736000000,-7259000000,4104000000,5915000000,13990000000,15000000,-316000000,395000000,316000000,23835000000,835000000,None,957000000,3642000000,249000000,316000000,3851000000,3145000000,3958000000,5568000000,3393000000,Pfizer Inc.,PFE
2021-09-30,USD,11443000000,23788000000,12345000000,9932000000,4418000000,2899000000,3443000000,7025000000,10000000,-325000000,10000000,325000000,24113000000,1696000000,None,981000000,7818000000,-328000000,325000000,8155000000,7256000000,8143000000,9360000000,8146000000,Pfizer Inc.,PFE
2021-06-30,USD,8878000000,18559000000,9681000000,6996000000,3532000000,2923000000,2458000000,5346000000,13000000,-316000000,637000000,316000000,18875000000,1343000000,None,931000000,6686000000,1123000000,316000000,5539000000,5469000000,7002000000,7345000000,5563000000,Pfizer Inc.,PFE
2021-03-31,USD,7518000000,14208000000,6690000000,4157000000,2694000000,2777000000,2013000000,4824000000,None,-336000000,127000000,336000000,14544000000,1004000000,None,872000000,5685000000,808000000,336000000,4868000000,5523000000,6021000000,6295000000,4877000000,Pfizer Inc.,PFE
2020-12-31,USD,678000000,6852000000,5046000000,2711000000,-6368000000,3739000000,3189000000,7046000000,3000000,-271000000,76000000,347000000,5955000000,-99000000,None,856000000,782000000,-64000000,271000000,651000000,1646000000,1129000000,2403000000,846000000,Pfizer Inc.,PFE
2020-09-30,USD,5211000000,11713000000,6502000000,2007000000,-1104000000,2658000000,2360000000,6315000000,17000000,-416000000,-71000000,345000000,12129000000,-1878000000,None,898000000,1122000000,-347000000,416000000,909000000,2766000000,1467000000,4470000000,1469000000,Pfizer Inc.,PFE
2020-06-30,USD,5874000000,11428000000,5554000000,1826000000,343000000,2659000000,2132000000,5531000000,19000000,-372000000,-5000000,367000000,11800000000,955000000,None,905000000,3911000000,422000000,372000000,2596000000,3314000000,4278000000,4778000000,3489000000,Pfizer Inc.,PFE
2020-03-31,USD,6407000000,11657000000,5250000000,1940000000,1733000000,2541000000,1724000000,4674000000,34000000,-390000000,34000000,390000000,12047000000,-190000000,None,885000000,3714000000,359000000,390000000,2474000000,1914000000,4104000000,5374000000,3355000000,Pfizer Inc.,PFE
2019-12-31,USD,2168000000,12298000000,10130000000,443000000,-8475000000,2616000000,2823000000,10643000000,41000000,-416000000,-1000000,415000000,12700000000,-2960000000,None,1032000000,-2566000000,-1983000000,416000000,-5898000000,-176000000,-2151000000,3168000000,-583000000,Pfizer Inc.,PFE
2019-09-30,USD,6113000000,12284000000,6171000000,2602000000,210000000,3260000000,2283000000,5903000000,60000000,-409000000,60000000,409000000,12683000000,-319000000,None,1212000000,10727000000,3047000000,409000000,7676000000,7415000000,11136000000,4747000000,7680000000,Pfizer Inc.,PFE
2019-06-30,USD,6961000000,12892000000,5931000000,2576000000,1723000000,3511000000,1842000000,5238000000,59000000,-389000000,59000000,389000000,13270000000,-126000000,None,1184000000,4131000000,-915000000,389000000,5046000000,4434000000,4520000000,5703000000,5046000000,Pfizer Inc.,PFE
2019-03-31,USD,6696000000,12624000000,5928000000,2433000000,1455000000,3339000000,1703000000,5241000000,66000000,-361000000,304000000,361000000,12985000000,-92000000,None,1183000000,4317000000,433000000,499000000,3884000000,4236000000,4678000000,6130000000,3884000000,Pfizer Inc.,PFE
2018-12-31,USD,2762000000,13734000000,10972000000,814000000,-7824000000,2164000000,2457000000,10586000000,93000000,-370000000,None,370000000,14104000000,-3220000000,None,1253000000,-1929000000,-1536000000,373000000,-7712000000,-1252000000,-1559000000,4765000000,-393000000,Pfizer Inc.,PFE
2018-09-30,USD,6721000000,12926000000,6205000000,2694000000,1104000000,3494000000,2008000000,5617000000,82000000,-310000000,None,310000000,13236000000,414000000,None,1253000000,4180000000,66000000,310000000,4103000000,3700000000,4490000000,5187000000,4114000000,Pfizer Inc.,PFE
2018-06-30,USD,6701000000,13159000000,6458000000,2916000000,1381000000,3542000000,1797000000,5320000000,80000000,-326000000,None,326000000,13485000000,551000000,None,1191000000,4520000000,648000000,326000000,3872000000,3270000000,4846000000,5255000000,3872000000,Pfizer Inc.,PFE
2018-03-31,USD,6673000000,12609000000,5936000000,2563000000,1501000000,3412000000,1743000000,5172000000,77000000,-310000000,None,310000000,12919000000,178000000,None,1196000000,4117000000,556000000,313000000,3562000000,3480000000,4427000000,5391000000,3561000000,Pfizer Inc.,PFE
2017-12-31,USD,4634000000,12828000000,8194000000,3256000000,-2745000000,4555000000,2290000000,7327000000,116000000,-330000000,None,330000000,-39887000000,-1351000000,None,1187000000,938000000,-11336000000,1329000000,12274000000,12117000000,1268000000,3902000000,12274000000,Pfizer Inc.,PFE
2017-09-30,USD,6236000000,12871000000,6635000000,2844000000,438000000,3504000000,1865000000,5798000000,99000000,-320000000,None,320000000,13191000000,-79000000,None,1177000000,3567000000,727000000,320000000,2840000000,3857000000,3887000000,5393000000,2840000000,Pfizer Inc.,PFE
2017-06-30,USD,6439000000,12584000000,6145000000,2660000000,1156000000,3430000000,1787000000,5283000000,94000000,-312000000,None,312000000,12896000000,75000000,None,1208000000,3812000000,739000000,312000000,3071000000,3486000000,4124000000,5391000000,3073000000,Pfizer Inc.,PFE
2017-03-31,USD,6737000000,12604000000,5867000000,2468000000,1614000000,3315000000,1716000000,5075000000,81000000,-309000000,None,309000000,48000000,-60000000,None,1186000000,3942000000,821000000,309000000,3121000000,3563000000,4251000000,5549000000,3121000000,Pfizer Inc.,PFE
2016-12-31,USD,-241000000,13229000000,241000000,3211000000,-482000000,4430000000,2512000000,241000000,113000000,-297000000,None,297000000,None,-979000000,None,1121000000,789000000,14000000,609000000,758000000,-2046000000,1086000000,3586000000,775000000,Pfizer Inc.,PFE
2016-09-30,USD,5732000000,12987000000,7255000000,3085000000,-279000000,3559000000,1881000000,6011000000,123000000,-291000000,None,291000000,None,-1417000000,None,968000000,1604000000,249000000,291000000,1355000000,2032000000,1895000000,4931000000,1355000000,Pfizer Inc.,PFE
2016-06-30,USD,5388000000,13129000000,7741000000,3174000000,-1188000000,3471000000,1748000000,6576000000,122000000,-292000000,None,292000000,None,-1068000000,None,961000000,2394000000,347000000,292000000,2046000000,2676000000,2686000000,5085000000,2047000000,Pfizer Inc.,PFE
2016-03-31,USD,6402000000,12886000000,6484000000,2851000000,764000000,3385000000,1731000000,5638000000,113000000,-306000000,None,306000000,None,-330000000,None,1006000000,3551000000,513000000,306000000,3038000000,3040000000,3857000000,5461000000,3038000000,Pfizer Inc.,PFE
2015-12-31,USD,354000000,13145000000,12791000000,3410000000,-11375000000,5048000000,2348000000,11729000000,139000000,-335000000,None,335000000,None,-2190000000,None,980000000,-360000000,-188000000,335000000,-169000000,-523000000,-25000000,3285000000,-172000000,Pfizer Inc.,PFE
2015-09-30,USD,5374000000,12013000000,6639000000,2219000000,-768000000,3270000000,1722000000,6142000000,121000000,-278000000,None,278000000,None,-661000000,None,937000000,2697000000,567000000,278000000,2122000000,1481000000,2975000000,5151000000,2130000000,Pfizer Inc.,PFE
2015-06-30,USD,6156000000,11832000000,5676000000,2180000000,926000000,3386000000,1734000000,5230000000,119000000,-278000000,None,278000000,None,-55000000,None,872000000,3531000000,905000000,278000000,2626000000,2663000000,3809000000,4943000000,2626000000,Pfizer Inc.,PFE
2015-03-31,USD,5780000000,10777000000,4997000000,1838000000,736000000,3104000000,1885000000,5044000000,93000000,-309000000,None,309000000,None,46000000,None,940000000,3082000000,706000000,309000000,2371000000,1134000000,3391000000,4317000000,2376000000,Pfizer Inc.,PFE
2014-12-31,USD,2007000000,13030000000,11023000000,2702000000,-9523000000,3981000000,3209000000,11530000000,122000000,-353000000,None,353000000,None,-344000000,None,948000000,1773000000,545000000,353000000,1249000000,-2621000000,2126000000,3650000000,1228000000,Pfizer Inc.,PFE
2014-09-30,USD,6121000000,12269000000,6148000000,2368000000,539000000,3556000000,1802000000,5582000000,108000000,-343000000,None,343000000,None,-94000000,None,972000000,3577000000,911000000,343000000,2669000000,2351000000,3920000000,5101000000,2666000000,Pfizer Inc.,PFE
2014-06-30,USD,6471000000,12534000000,6063000000,2462000000,1111000000,3520000000,1759000000,5703000000,104000000,-239000000,104000000,343000000,None,53000000,None,1001000000,3994000000,1082000000,343000000,2912000000,3150000000,4337000000,5393000000,2912000000,Pfizer Inc.,PFE
2014-03-31,USD,5844000000,11124000000,5280000000,2045000000,972000000,3040000000,1623000000,5193000000,92000000,-229000000,92000000,321000000,None,-623000000,None,1117000000,2911000000,582000000,321000000,2256000000,2210000000,3232000000,4971000000,2329000000,Pfizer Inc.,PFE
2013-12-31,USD,4252000000,13475000000,9223000000,2794000000,-3935000000,4152000000,1811000000,8673000000,112000000,56000000,403000000,347000000,-139000000,18000000,None,1200000000,2998000000,430000000,347000000,2626000000,5653000000,3345000000,4545000000,2568000000,Pfizer Inc.,PFE
2013-09-30,USD,5279000000,12303000000,7024000000,2287000000,-1085000000,3395000000,1627000000,6704000000,94000000,-340000000,None,340000000,None,-411000000,None,1117000000,3575000000,985000000,340000000,2582000000,2672000000,3915000000,5670000000,2590000000,Pfizer Inc.,PFE
2013-06-30,USD,6721000000,12586000000,5865000000,2242000000,1568000000,3591000000,1530000000,5540000000,None,-254000000,None,356000000,-31000000,-29000000,None,1200000000,15877000000,1782000000,356000000,3565000000,13785000000,16233000000,17433000000,14095000000,Pfizer Inc.,PFE
2013-03-31,USD,5496000000,13599000000,8103000000,2263000000,-1675000000,3217000000,1800000000,7072000000,None,-276000000,None,371000000,490000000,-128000000,None,1300000000,3859000000,1109000000,391000000,2607000000,2548000000,4230000000,5530000000,2750000000,Pfizer Inc.,PFE
2012-12-31,USD,4848000000,14741000000,9893000000,2753000000,-4490000000,4337000000,2136000000,9704000000,None,11000000,None,373000000,7000000,-3875000000,None,1300000000,6914000000,599000000,373000000,1472000000,6015000000,7287000000,8587000000,6315000000,Pfizer Inc.,PFE
2012-09-30,USD,5647000000,13613000000,7966000000,2309000000,-1635000000,3491000000,1981000000,7645000000,None,-382000000,None,381000000,19000000,-62000000,None,1300000000,3025000000,-183000000,382000000,2983000000,3563000000,3406000000,4706000000,3208000000,Pfizer Inc.,PFE
2012-06-30,USD,6065000000,13590000000,7525000000,2376000000,-684000000,3665000000,1600000000,7127000000,None,-378000000,None,378000000,None,65000000,None,1291000000,4433000000,1180000000,378000000,2993000000,867000000,4811000000,6111000000,3253000000,Pfizer Inc.,PFE
2012-03-31,USD,5520000000,14495000000,8975000000,2745000000,-2772000000,3968000000,2062000000,8682000000,None,-390000000,None,390000000,None,-175000000,None,1420000000,2505000000,711000000,390000000,1715000000,2301000000,2895000000,4395000000,1794000000,Pfizer Inc.,PFE
2011-12-31,USD,5566000000,17944000000,12378000000,2051000000,-5220000000,3946000000,2625000000,11228000000,None,60000000,None,396000000,-46000000,-41000000,None,1285000000,1893000000,454000000,396000000,869000000,-1474000000,2289000000,3574000000,1439000000,Pfizer Inc.,PFE
2011-09-30,USD,6717000000,16207000000,9490000000,3409000000,-1540000000,4457000000,2176000000,8659000000,None,-423000000,None,423000000,None,-113000000,None,1397000000,4954000000,1216000000,423000000,2314000000,3480000000,5377000000,6777000000,3738000000,Pfizer Inc.,PFE
2011-06-30,USD,6081000000,16095000000,10014000000,3571000000,-2593000000,4800000000,2231000000,9064000000,None,-404000000,None,404000000,None,16000000,None,1395000000,3687000000,1077000000,404000000,2513000000,3712000000,4091000000,5615000000,2610000000,Pfizer Inc.,PFE
2011-03-31,USD,6110000000,16056000000,9946000000,3693000000,-2234000000,4503000000,2091000000,8790000000,None,-458000000,None,458000000,None,1000000,None,1376000000,3116000000,894000000,458000000,2212000000,3602000000,3574000000,5074000000,2222000000,Pfizer Inc.,PFE
2010-12-31,USD,5604000000,17402000000,11798000000,3112000000,-4203000000,5197000000,2874000000,10511000000,None,-461000000,None,459000000,19000000,184000000,None,1432000000,878000000,-2012000000,461000000,2987000000,3149000000,1337000000,2769000000,2890000000,Pfizer Inc.,PFE
2010-09-30,USD,-212000000,15581000000,212000000,3790000000,-212000000,4599000000,2188000000,8829000000,None,-427000000,None,427000000,None,-3000000,None,1156000000,1424000000,558000000,427000000,851000000,1574000000,1851000000,3007000000,866000000,Pfizer Inc.,PFE
2010-06-30,USD,6300000000,16928000000,10628000000,3684000000,-2825000000,4774000000,2181000000,9329000000,None,-389000000,None,389000000,None,-18000000,None,1407000000,3947000000,1472000000,389000000,2444000000,10000000,4336000000,5743000000,2475000000,Pfizer Inc.,PFE
2010-03-31,USD,5793000000,16099000000,10306000000,4202000000,-2606000000,4403000000,2295000000,8876000000,None,-522000000,None,522000000,None,-52000000,None,1409000000,3161000000,1135000000,522000000,2005000000,-468000000,3683000000,5092000000,2026000000,Pfizer Inc.,PFE
2009-12-31,USD,6113000000,16537000000,10424000000,3506000000,-3237000000,5244000000,2861000000,9350000000,None,-464000000,None,463000000,None,-39000000,None,1122000000,-40000000,-807000000,464000000,659000000,11866000000,423000000,1545000000,767000000,Pfizer Inc.,PFE
2009-09-30,USD,5956000000,11621000000,5665000000,1789000000,448000000,3282000000,1632000000,5508000000,None,-369000000,None,369000000,None,23000000,None,594000000,3970000000,1092000000,369000000,2876000000,3067000000,4339000000,4951000000,2878000000,Pfizer Inc.,PFE
2009-06-30,USD,9228000000,10984000000,1756000000,1756000000,3580000000,3350000000,1715000000,5720000000,None,None,None,66000000,None,None,None,583000000,3047000000,786000000,None,2258000000,4847000000,3967000000,4550000000,2261000000,Pfizer Inc.,PFE
2009-03-31,USD,9459000000,10867000000,1408000000,1408000000,4300000000,2876000000,1705000000,5102000000,None,None,None,115000000,None,None,None,578000000,3803000000,1074000000,None,None,None,4911000000,5489000000,2729000000,Pfizer Inc.,PFE
2008-12-31,USD,10631000000,12346000000,1715000000,1715000000,4064000000,3659000000,2303000000,6567000000,None,None,None,95000000,None,None,None,1178000000,660000000,394000000,None,None,None,8275000000,9453000000,266000000,Pfizer Inc.,PFE
2008-09-30,USD,9851000000,11973000000,2122000000,2122000000,2521000000,3523000000,1885000000,6029000000,None,None,None,186000000,None,None,None,1196000000,2741000000,463000000,None,None,None,4922000000,6118000000,2278000000,Pfizer Inc.,PFE
2008-06-30,USD,9840000000,12129000000,2289000000,2289000000,2709000000,3863000000,1966000000,6492000000,None,None,None,99000000,None,None,None,1229000000,2801000000,25000000,None,None,None,3906000000,5135000000,2776000000,Pfizer Inc.,PFE
2024-04-30,USD,40077000000,161508000000,121431000000,121431000000,6841000000,33236000000,None,33236000000,114000000,-600000000,114000000,714000000,159938000000,None,None,3128000000,6832000000,1728000000,714000000,5307000000,5039000000,6841000000,9969000000,5104000000,Walmart Inc.,WMT
2024-01-31,USD,41563000000,173388000000,131825000000,131825000000,7254000000,34309000000,None,35064000000,146000000,-549000000,48000000,597000000,171914000000,None,None,3117000000,7334000000,1840000000,597000000,5678000000,5765000000,7254000000,10371000000,5494000000,Walmart Inc.,WMT
2023-10-31,USD,39621000000,160804000000,121183000000,121183000000,6202000000,33419000000,None,33419000000,145000000,-537000000,145000000,682000000,159439000000,None,None,2986000000,725000000,272000000,682000000,643000000,-302000000,6202000000,4583000000,453000000,Walmart Inc.,WMT
2023-07-31,USD,39782000000,161632000000,121850000000,121850000000,7316000000,32466000000,None,32466000000,148000000,-494000000,148000000,642000000,160280000000,3905000000,None,2905000000,10565000000,2674000000,642000000,8053000000,8220000000,7316000000,14274000000,7891000000,Walmart Inc.,WMT
2023-04-30,USD,37017000000,152301000000,115284000000,115284000000,6240000000,30777000000,None,30777000000,107000000,-557000000,107000000,664000000,151004000000,-2995000000,None,2845000000,2465000000,792000000,664000000,1896000000,2206000000,6240000000,6197000000,1673000000,Walmart Inc.,WMT
2023-01-31,USD,38625000000,164048000000,125423000000,125423000000,5561000000,33064000000,None,33660000000,103000000,-507000000,18000000,525000000,162743000000,3848000000,None,2811000000,9368000000,3093000000,525000000,5809000000,6637000000,5561000000,12323000000,6275000000,Walmart Inc.,WMT
2022-10-31,USD,37200000000,152813000000,115613000000,115613000000,2695000000,34505000000,None,34505000000,84000000,-500000000,84000000,584000000,151469000000,-3626000000,None,2755000000,-1462000000,336000000,584000000,-1767000000,-2684000000,2695000000,1908000000,-1798000000,Walmart Inc.,WMT
2022-07-31,USD,37021000000,152859000000,115838000000,115838000000,6854000000,30167000000,None,30167000000,31000000,-448000000,31000000,479000000,151381000000,238000000,None,2968000000,6646000000,1497000000,479000000,5147000000,3753000000,6854000000,9822000000,5149000000,Walmart Inc.,WMT
2022-04-30,USD,34722000000,141569000000,106847000000,106847000000,5318000000,29404000000,None,29404000000,36000000,-419000000,36000000,455000000,140288000000,-1998000000,None,2680000000,2852000000,798000000,455000000,2103000000,2322000000,5318000000,6036000000,2054000000,Walmart Inc.,WMT
2022-01-31,USD,37349000000,152871000000,115522000000,115522000000,5887000000,31462000000,None,32027000000,47000000,-380000000,-41000000,339000000,151535000000,-725000000,None,2028000000,4711000000,1149000000,329000000,3633000000,3284000000,5887000000,7915000000,3562000000,Walmart Inc.,WMT
2021-10-31,USD,35502000000,140525000000,105023000000,105023000000,5792000000,29710000000,None,29710000000,44000000,-442000000,44000000,486000000,136807000000,-1203000000,None,2650000000,4120000000,1015000000,2886000000,3132000000,2593000000,5792000000,9693000000,3105000000,Walmart Inc.,WMT
2021-07-31,USD,35865000000,141048000000,105183000000,105183000000,7354000000,28511000000,None,28511000000,37000000,-478000000,37000000,515000000,139871000000,-953000000,None,2641000000,5835000000,1559000000,515000000,4364000000,4246000000,7354000000,9079000000,4276000000,Walmart Inc.,WMT
2021-04-30,USD,35038000000,138310000000,103272000000,103272000000,6909000000,28129000000,None,28962000000,30000000,-536000000,30000000,566000000,136726000000,-2529000000,None,2661000000,3763000000,1033000000,566000000,2811000000,6550000000,6909000000,7071000000,2730000000,Walmart Inc.,WMT
2021-01-31,USD,36818000000,152079000000,115261000000,115261000000,5487000000,31331000000,None,39287000000,30000000,-494000000,-11000000,483000000,143612000000,None,None,2819000000,-676000000,1415000000,483000000,-2008000000,759000000,5487000000,2750000000,-2091000000,Walmart Inc.,WMT
2020-10-31,USD,34369000000,134708000000,100339000000,100339000000,5778000000,28591000000,None,28591000000,25000000,-516000000,25000000,541000000,133752000000,1853000000,None,2771000000,7049000000,1914000000,541000000,5201000000,6303000000,5778000000,10427000000,5135000000,Walmart Inc.,WMT
2020-07-31,USD,35053000000,137742000000,102689000000,102689000000,6059000000,28994000000,None,28994000000,23000000,-635000000,23000000,658000000,136824000000,3222000000,None,2771000000,8683000000,2207000000,658000000,6439000000,6860000000,6059000000,12075000000,6476000000,Walmart Inc.,WMT
2020-04-30,USD,32596000000,134622000000,102026000000,102026000000,5224000000,27372000000,None,27372000000,43000000,-549000000,43000000,592000000,133672000000,721000000,None,2791000000,5312000000,1322000000,592000000,4074000000,627000000,5224000000,8779000000,3990000000,Walmart Inc.,WMT
2020-01-31,USD,33923000000,141671000000,107748000000,107748000000,5322000000,28601000000,None,21638000000,41000000,-611000000,264000000,875000000,140608000000,962000000,None,-7679000000,5520000000,1379000000,875000000,33923000000,3718000000,5322000000,-1284000000,4141000000,Walmart Inc.,WMT
2019-10-31,USD,32091000000,127991000000,95900000000,95900000000,4718000000,27373000000,None,27500000000,44000000,-589000000,36000000,625000000,126981000000,244000000,None,2723000000,4340000000,1052000000,625000000,3288000000,2176000000,4718000000,7688000000,3288000000,Walmart Inc.,WMT
2019-07-31,USD,32454000000,130377000000,97923000000,97923000000,5583000000,26871000000,None,26987000000,56000000,-585000000,48000000,633000000,129388000000,-85000000,None,2722000000,4843000000,1233000000,633000000,3610000000,3431000000,5583000000,8198000000,3610000000,Walmart Inc.,WMT
2019-04-30,USD,30891000000,123925000000,93034000000,93034000000,4945000000,25946000000,None,28660000000,48000000,-625000000,48000000,673000000,122949000000,837000000,None,2714000000,5093000000,1251000000,673000000,3842000000,4293000000,4945000000,8480000000,3842000000,Walmart Inc.,WMT
2019-01-31,USD,33886000000,138793000000,104907000000,104907000000,6067000000,27819000000,None,30554000000,64000000,-605000000,64000000,669000000,137743000000,202000000,None,2731000000,5538000000,1851000000,669000000,3687000000,3614000000,6067000000,8938000000,3687000000,Walmart Inc.,WMT
2018-10-31,USD,31778000000,124894000000,93116000000,93116000000,4986000000,26792000000,None,26792000000,59000000,-534000000,59000000,593000000,123897000000,-1876000000,None,2615000000,2469000000,759000000,593000000,1710000000,2870000000,4986000000,5677000000,1710000000,Walmart Inc.,WMT
2018-07-31,USD,32457000000,128028000000,95571000000,95571000000,5750000000,26707000000,None,26707000000,51000000,-503000000,51000000,554000000,0,-4849000000,None,2654000000,264000000,1125000000,554000000,-861000000,-3209000000,5750000000,3472000000,-861000000,Walmart Inc.,WMT
2018-04-30,USD,30983000000,122690000000,91707000000,91707000000,5154000000,25829000000,None,28507000000,43000000,-487000000,43000000,530000000,121630000000,-1845000000,None,2678000000,2680000000,546000000,530000000,2134000000,3470000000,5154000000,5888000000,2134000000,Walmart Inc.,WMT
2018-01-31,USD,33627000000,136267000000,102640000000,102640000000,4467000000,29160000000,None,34569000000,37000000,-499000000,37000000,536000000,135150000000,-1004000000,None,2702000000,2776000000,601000000,1540000000,2175000000,3127000000,4467000000,6014000000,2175000000,Walmart Inc.,WMT
2017-10-31,USD,31632000000,123179000000,91547000000,91547000000,4764000000,26868000000,None,26868000000,42000000,-541000000,42000000,583000000,-1344000000,-1344000000,None,2658000000,2724000000,975000000,1927000000,1749000000,1716000000,4764000000,5965000000,1749000000,Walmart Inc.,WMT
2017-07-31,USD,31834000000,123355000000,91521000000,91521000000,5969000000,25865000000,None,25865000000,38000000,-575000000,38000000,613000000,-788000000,-788000000,None,2618000000,4401000000,1502000000,1401000000,2899000000,4753000000,5969000000,7632000000,2899000000,Walmart Inc.,WMT
2017-04-30,USD,29854000000,117542000000,87688000000,87688000000,5237000000,24617000000,None,27168000000,35000000,-563000000,35000000,598000000,116526000000,None,None,2551000000,4561000000,1522000000,598000000,3039000000,4317000000,5237000000,7710000000,3039000000,Walmart Inc.,WMT
2017-01-31,USD,33193000000,130936000000,97743000000,97743000000,6205000000,26988000000,None,29825000000,30000000,-555000000,30000000,585000000,0,None,None,2706000000,5421000000,1664000000,585000000,3757000000,1860000000,6205000000,8712000000,3757000000,Walmart Inc.,WMT
2016-10-31,USD,30695000000,118179000000,87484000000,87484000000,5119000000,25576000000,None,25576000000,24000000,-585000000,24000000,609000000,0,None,None,2469000000,4366000000,1332000000,609000000,3034000000,2371000000,5119000000,7444000000,3034000000,Walmart Inc.,WMT
2016-07-31,USD,31369000000,120854000000,89485000000,89485000000,6165000000,25204000000,None,25204000000,22000000,-566000000,22000000,588000000,0,None,None,2517000000,5483000000,1710000000,588000000,3773000000,3096000000,6165000000,8588000000,3773000000,Walmart Inc.,WMT
2016-04-30,USD,29360000000,115904000000,86544000000,86544000000,5275000000,24085000000,None,26473000000,24000000,-561000000,24000000,585000000,None,None,None,2388000000,4577000000,1498000000,585000000,3079000000,3681000000,5275000000,7550000000,3079000000,Walmart Inc.,WMT
2016-01-31,USD,32668000000,129667000000,96999000000,96999000000,6642000000,26026000000,None,28728000000,17000000,-548000000,17000000,565000000,None,None,None,2431000000,5920000000,1346000000,565000000,4574000000,3636000000,6642000000,8916000000,4574000000,Walmart Inc.,WMT
2015-10-31,USD,29962000000,117408000000,87446000000,87446000000,5714000000,24248000000,None,24248000000,21000000,-552000000,21000000,573000000,None,None,None,2365000000,5052000000,1748000000,573000000,3304000000,1033000000,5714000000,7990000000,3304000000,Walmart Inc.,WMT
2015-07-31,USD,30173000000,120229000000,90056000000,90056000000,6069000000,24104000000,None,24104000000,24000000,-543000000,24000000,567000000,None,None,None,2339000000,5366000000,1891000000,567000000,3475000000,3682000000,6069000000,8272000000,3475000000,Walmart Inc.,WMT
2015-04-30,USD,28343000000,114826000000,86483000000,86483000000,5680000000,22663000000,None,24982000000,19000000,-824000000,19000000,843000000,None,None,None,2319000000,4914000000,1573000000,843000000,3341000000,1914000000,5680000000,8076000000,3341000000,Walmart Inc.,WMT
2015-01-31,USD,32450000000,131565000000,99115000000,99115000000,7949000000,24501000000,None,27110000000,37000000,-586000000,37000000,623000000,None,None,None,2292000000,7141000000,2175000000,623000000,4966000000,2049000000,7949000000,10056000000,4966000000,Walmart Inc.,WMT
2014-10-31,USD,29754000000,119001000000,89247000000,89247000000,6265000000,23489000000,None,23489000000,20000000,-656000000,20000000,676000000,None,None,None,2354000000,5494000000,1783000000,676000000,3711000000,1417000000,6265000000,8524000000,3711000000,Walmart Inc.,WMT
2014-07-31,USD,30115000000,120125000000,90010000000,90010000000,6740000000,23375000000,None,23945000000,32000000,-538000000,32000000,570000000,None,None,None,2277000000,6206000000,2113000000,570000000,3923000000,4848000000,6740000000,9053000000,4093000000,Walmart Inc.,WMT
2014-04-30,USD,28246000000,114960000000,86714000000,86714000000,6193000000,22053000000,None,24895000000,24000000,-568000000,24000000,592000000,None,None,None,2250000000,5507000000,1914000000,592000000,3582000000,3877000000,6193000000,8349000000,3593000000,Walmart Inc.,WMT
2014-01-31,USD,31735000000,129706000000,97971000000,97971000000,7347000000,24388000000,None,30377000000,27000000,-554000000,27000000,581000000,None,None,None,2270000000,6680000000,2249000000,581000000,4354000000,3618000000,7347000000,9531000000,4431000000,Walmart Inc.,WMT
2013-10-31,USD,29001000000,115688000000,86687000000,86687000000,6310000000,22691000000,None,23283000000,12000000,-580000000,12000000,592000000,None,None,None,2198000000,5598000000,1860000000,592000000,3727000000,4444000000,6310000000,8388000000,3738000000,Walmart Inc.,WMT
2013-07-31,USD,29409000000,116829000000,87420000000,87455000000,6777000000,22633000000,None,23286000000,36000000,-552000000,37000000,589000000,None,None,None,2215000000,6089000000,2020000000,589000000,4062000000,3148000000,6777000000,8893000000,4069000000,Walmart Inc.,WMT
2013-04-30,USD,28080000000,114071000000,85991000000,86027000000,6438000000,21641000000,None,24472000000,44000000,-530000000,44000000,574000000,None,None,None,2187000000,5760000000,1976000000,574000000,3775000000,2403000000,6438000000,8521000000,3784000000,Walmart Inc.,WMT
2013-01-31,USD,31705000000,127776000000,96071000000,96128000000,8580000000,23125000000,None,29271000000,56000000,-477000000,130000000,607000000,None,None,None,2174000000,7846000000,2240000000,607000000,5597000000,5581000000,8580000000,10627000000,5606000000,Walmart Inc.,WMT
2012-10-31,USD,28330000000,113800000000,85470000000,85517000000,6093000000,22237000000,None,22886000000,43000000,-546000000,44000000,590000000,None,None,None,2071000000,5373000000,1738000000,590000000,3624000000,4604000000,6093000000,8034000000,3635000000,Walmart Inc.,WMT
2012-07-31,USD,28563000000,114174000000,85611000000,85657000000,6698000000,21941000000,None,22496000000,50000000,-505000000,50000000,555000000,None,None,None,2127000000,6049000000,2032000000,555000000,4016000000,2948000000,6698000000,8731000000,4017000000,Walmart Inc.,WMT
2012-04-30,USD,27756000000,112901000000,85145000000,85186000000,6387000000,21445000000,None,24124000000,38000000,-535000000,38000000,573000000,None,None,None,2106000000,5699000000,1958000000,573000000,3742000000,4689000000,6387000000,8378000000,3741000000,Walmart Inc.,WMT
2012-01-31,USD,30580000000,123169000000,92589000000,92589000000,8334000000,21939000000,None,27510000000,31000000,-528000000,32000000,560000000,None,None,None,2039000000,7577000000,2414000000,560000000,5162000000,5128000000,8334000000,10176000000,5163000000,Walmart Inc.,WMT
2011-10-31,USD,27635000000,110226000000,82591000000,82591000000,5878000000,21757000000,None,22357000000,65000000,-535000000,65000000,600000000,None,None,None,2040000000,5178000000,1842000000,600000000,3344000000,675000000,5878000000,7818000000,3336000000,Walmart Inc.,WMT
2011-07-31,USD,27596000000,109366000000,81770000000,81770000000,6383000000,21213000000,None,21813000000,22000000,-578000000,22000000,600000000,None,None,None,2042000000,5669000000,1868000000,600000000,3801000000,4209000000,6383000000,8311000000,3801000000,Walmart Inc.,WMT
2011-04-30,USD,26012000000,104189000000,78177000000,78177000000,5896000000,20116000000,None,22663000000,44000000,-518000000,44000000,562000000,None,None,None,1985000000,5199000000,1800000000,562000000,3427000000,3631000000,5896000000,7746000000,3399000000,Walmart Inc.,WMT
2011-01-31,USD,29289000000,116360000000,87071000000,87158000000,8004000000,21285000000,None,26096000000,40000000,-532000000,40000000,572000000,None,None,None,2006000000,8350000000,2294000000,572000000,5022000000,6597000000,8004000000,10928000000,6056000000,Walmart Inc.,WMT
2010-10-31,USD,26133000000,101952000000,75819000000,75906000000,5611000000,20522000000,None,21004000000,53000000,-516000000,53000000,569000000,None,None,None,1887000000,4941000000,1505000000,569000000,3436000000,4640000000,5611000000,7397000000,3436000000,Walmart Inc.,WMT
2010-07-31,USD,26288000000,103726000000,77438000000,77523000000,6190000000,20098000000,None,20555000000,57000000,-485000000,57000000,542000000,None,None,None,1884000000,5554000000,1958000000,542000000,3596000000,2713000000,6190000000,7980000000,3596000000,Walmart Inc.,WMT
2010-04-30,USD,25193000000,99811000000,74618000000,74703000000,5737000000,19456000000,None,21759000000,51000000,-471000000,51000000,522000000,None,None,None,1864000000,5123000000,1822000000,522000000,3301000000,3155000000,5737000000,7509000000,3301000000,Walmart Inc.,WMT
2010-01-31,USD,28544000000,113622000000,85078000000,85311000000,7458000000,21424000000,None,23506000000,53000000,-469000000,53000000,522000000,None,None,None,1902000000,6757000000,1999000000,522000000,4815000000,5239000000,7458000000,9181000000,4758000000,Walmart Inc.,WMT
2009-10-31,USD,25458000000,99373000000,73915000000,73805000000,5442000000,20016000000,None,20523000000,35000000,-475000000,35000000,510000000,None,None,None,1798000000,4846000000,1702000000,510000000,3151000000,2906000000,5442000000,7154000000,3144000000,Walmart Inc.,WMT
2009-07-31,USD,25820000000,100876000000,75056000000,75153000000,5929000000,19891000000,None,20390000000,42000000,-473000000,42000000,515000000,None,None,None,1757000000,5342000000,1870000000,515000000,3479000000,6532000000,5929000000,7614000000,3472000000,Walmart Inc.,WMT
2009-04-30,USD,23847000000,94242000000,70395000000,70388000000,5217000000,18637000000,None,18637000000,None,-467000000,None,518000000,None,None,None,1700000000,4599000000,1603000000,None,None,2337000000,5217000000,6917000000,2996000000,Walmart Inc.,WMT
2009-01-31,USD,26797000000,108627000000,81830000000,82601000000,6346000000,20451000000,None,20138000000,None,-492000000,None,560000000,None,None,None,1685000000,-8546000000,-12319000000,None,None,None,6346000000,8031000000,3773000000,Walmart Inc.,WMT
2008-10-31,USD,24724000000,98345000000,73621000000,74114000000,5292000000,19432000000,None,19236000000,None,-456000000,None,537000000,None,None,None,1688000000,4828000000,1690000000,None,None,None,5292000000,6980000000,3138000000,Walmart Inc.,WMT
2008-07-31,USD,25224000000,102342000000,77118000000,77642000000,5813000000,19411000000,None,19228000000,None,-456000000,None,527000000,None,None,None,1738000000,5275000000,1826000000,None,None,None,5813000000,7606000000,3449000000,Walmart Inc.,WMT
2024-03-31,USD,4307000000,20195000000,15888000000,9855000000,4460000000,5880000000,None,6033000000,104000000,-233000000,104000000,233000000,None,260000000,None,712000000,4566000000,812000000,233000000,3781000000,3551000000,4799000000,5511000000,3754000000,The Procter & Gamble Company,PG
2023-12-31,USD,5602000000,21441000000,15839000000,10144000000,4433000000,5522000000,None,5695000000,133000000,-248000000,133000000,248000000,None,177000000,None,721000000,4471000000,1003000000,248000000,3493000000,3884000000,4719000000,5440000000,3468000000,The Procter & Gamble Company,PG
2023-09-30,USD,5064000000,21871000000,16807000000,10501000000,5767000000,5604000000,None,6303000000,128000000,-225000000,97000000,225000000,None,132000000,None,702000000,5767000000,1246000000,225000000,4556000000,4157000000,5992000000,6694000000,4521000000,The Procter & Gamble Company,PG
2023-06-30,USD,5514000000,20553000000,15039000000,10613000000,4162000000,5778000000,2000000000,6390000000,116000000,-240000000,116000000,240000000,None,195000000,None,-1681000000,4225000000,841000000,240000000,3392000000,3430000000,4465000000,2784000000,3384000000,The Procter & Gamble Company,PG
2023-03-31,USD,4166000000,20068000000,15902000000,10404000000,4248000000,5416000000,None,5498000000,83000000,-222000000,83000000,222000000,None,179000000,None,692000000,4261000000,864000000,222000000,3424000000,3637000000,4483000000,5175000000,3397000000,The Procter & Gamble Company,PG
2022-12-31,USD,4706000000,20773000000,16067000000,10897000000,4785000000,5091000000,None,5170000000,66000000,-171000000,105000000,171000000,None,155000000,None,653000000,4809000000,876000000,171000000,3959000000,4238000000,4980000000,5633000000,3933000000,The Procter & Gamble Company,PG
2022-09-30,USD,4276000000,20612000000,16336000000,10846000000,4939000000,4827000000,None,5489000000,42000000,-123000000,81000000,123000000,None,139000000,None,663000000,4973000000,1034000000,123000000,3963000000,3317000000,5096000000,5759000000,3939000000,The Procter & Gamble Company,PG
2022-06-30,USD,5118000000,19515000000,14397000000,10802000000,3598000000,5115000000,2000000000,5594000000,21000000,-115000000,21000000,115000000,0,146000000,None,-1773000000,3644000000,592000000,115000000,3058000000,4311000000,3759000000,1986000000,3052000000,The Procter & Gamble Company,PG
2022-03-31,USD,3945000000,19381000000,15436000000,10326000000,4024000000,5031000000,None,5110000000,9000000,-109000000,9000000,109000000,0,147000000,None,690000000,4059000000,704000000,109000000,3367000000,3471000000,4168000000,4858000000,3355000000,The Procter & Gamble Company,PG
2021-12-31,USD,5094000000,20953000000,15859000000,10664000000,5168000000,5121000000,None,5195000000,10000000,-106000000,96000000,106000000,None,167000000,None,684000000,5220000000,997000000,106000000,4242000000,4721000000,5326000000,6010000000,4223000000,The Procter & Gamble Company,PG
2021-09-30,USD,4312000000,20338000000,16026000000,10365000000,5023000000,4950000000,None,5588000000,11000000,-109000000,98000000,109000000,None,110000000,None,711000000,5021000000,909000000,109000000,4126000000,3794000000,5130000000,5841000000,4112000000,The Procter & Gamble Company,PG
2021-06-30,USD,4917000000,18946000000,14029000000,9791000000,3540000000,5615000000,1900000000,6137000000,15000000,-117000000,15000000,117000000,16000000,126000000,None,-1707000000,3562000000,656000000,117000000,2908000000,4651000000,3679000000,1972000000,2906000000,The Procter & Gamble Company,PG
2021-03-31,USD,3573000000,18109000000,14536000000,8922000000,3785000000,5402000000,None,5614000000,11000000,-106000000,95000000,106000000,0,187000000,None,683000000,3897000000,628000000,106000000,3249000000,2871000000,4003000000,4686000000,3269000000,The Procter & Gamble Company,PG
2020-12-31,USD,5236000000,19745000000,14509000000,9253000000,5380000000,5112000000,None,5256000000,9000000,-143000000,9000000,143000000,None,-369000000,None,671000000,4844000000,990000000,143000000,3887000000,4644000000,4987000000,5658000000,3854000000,The Procter & Gamble Company,PG
2020-09-30,USD,4588000000,19318000000,14730000000,9142000000,5281000000,4895000000,None,5576000000,10000000,-136000000,126000000,136000000,None,142000000,None,671000000,5266000000,989000000,136000000,4308000000,4561000000,5402000000,6073000000,4277000000,The Procter & Gamble Company,PG
2020-06-30,USD,17698000000,17698000000,12740000000,8942000000,3481000000,5275000000,1800000000,5594000000,22000000,-157000000,135000000,157000000,-7000000,115000000,None,-1839000000,3475000000,675000000,157000000,3481000000,2551000000,3632000000,1793000000,2800000000,The Procter & Gamble Company,PG
2020-03-31,USD,3144000000,17214000000,14070000000,8716000000,3453000000,5045000000,None,5354000000,39000000,-100000000,39000000,100000000,0,106000000,None,799000000,3458000000,541000000,100000000,2957000000,1943000000,3558000000,4357000000,2917000000,The Procter & Gamble Company,PG
2019-12-31,USD,4286000000,18240000000,13954000000,8869000000,4482000000,4889000000,None,5085000000,36000000,-100000000,36000000,100000000,None,114000000,None,677000000,4506000000,789000000,100000000,3743000000,4073000000,4606000000,5283000000,3717000000,The Procter & Gamble Company,PG
2019-09-30,USD,3474000000,17798000000,14324000000,8723000000,4290000000,4785000000,None,5599000000,58000000,-108000000,58000000,108000000,None,103000000,None,723000000,4319000000,726000000,108000000,3617000000,3231000000,4427000000,5150000000,3593000000,The Procter & Gamble Company,PG
2019-06-30,USD,17094000000,17094000000,20955000000,8938000000,-5192000000,5003000000,1861000000,13609000000,52000000,-111000000,52000000,111000000,None,186000000,None,-1655000000,-5069000000,172000000,111000000,-5192000000,-5209000000,-4958000000,-6613000000,-5241000000,The Procter & Gamble Company,PG
2019-03-31,USD,3015000000,16462000000,13447000000,8427000000,3229000000,4806000000,None,5020000000,52000000,-131000000,79000000,131000000,None,128000000,None,711000000,3247000000,502000000,131000000,2776000000,2933000000,3378000000,4089000000,2745000000,The Procter & Gamble Company,PG
2018-12-31,USD,3638000000,17438000000,13800000000,8919000000,3896000000,4623000000,None,4881000000,63000000,-138000000,None,138000000,None,95000000,None,650000000,3894000000,700000000,138000000,3216000000,3171000000,4032000000,4682000000,3194000000,The Procter & Gamble Company,PG
2018-09-30,USD,2774000000,16690000000,13916000000,8484000000,3554000000,4652000000,None,5071000000,53000000,-129000000,None,129000000,None,462000000,None,643000000,3928000000,729000000,129000000,3211000000,3141000000,4057000000,4700000000,3199000000,The Procter & Gamble Company,PG
2018-06-30,USD,16503000000,16503000000,12598000000,9070000000,2587000000,4846000000,1908000000,5480000000,63000000,-136000000,None,136000000,-170000000,-225000000,None,-1782000000,2290000000,399000000,482000000,1890000000,1033000000,2426000000,644000000,1891000000,The Procter & Gamble Company,PG
2018-03-31,USD,2883000000,16281000000,13265000000,8384000000,3209000000,4688000000,None,4922000000,69000000,-133000000,None,133000000,0,108000000,None,716000000,3224000000,713000000,133000000,2540000000,2791000000,3357000000,4073000000,2511000000,The Procter & Gamble Company,PG
2017-12-31,USD,3652000000,17395000000,13621000000,8709000000,3919000000,4767000000,None,4954000000,66000000,-122000000,None,122000000,None,170000000,None,676000000,3967000000,1472000000,122000000,2561000000,2616000000,4089000000,4765000000,2495000000,The Procter & Gamble Company,PG
2017-09-30,USD,2771000000,16653000000,13767000000,8269000000,3648000000,4736000000,None,5457000000,49000000,-115000000,None,115000000,None,169000000,None,692000000,3734000000,881000000,115000000,2870000000,3193000000,3849000000,4541000000,2853000000,The Procter & Gamble Company,PG
2017-06-30,USD,16079000000,16971000000,11604000000,8402000000,2949000000,4917000000,1874000000,5167000000,48000000,-116000000,None,116000000,5490000000,235000000,None,-1775000000,2940000000,725000000,116000000,2202000000,3538000000,3056000000,1281000000,2215000000,The Procter & Gamble Company,PG
2017-03-31,USD,3028000000,15509000000,12481000000,7836000000,3360000000,4409000000,None,4645000000,46000000,-96000000,None,96000000,-5343000000,26000000,None,665000000,3302000000,780000000,96000000,2556000000,3089000000,3398000000,4063000000,2522000000,The Procter & Gamble Company,PG
2016-12-31,USD,3493000000,16734000000,13241000000,8298000000,3875000000,4683000000,None,4943000000,42000000,-122000000,None,122000000,4725000000,-539000000,None,707000000,8570000000,695000000,122000000,2561000000,7296000000,8692000000,9399000000,7875000000,The Procter & Gamble Company,PG
2016-09-30,USD,2819000000,16462000000,13643000000,8102000000,3771000000,4645000000,None,5466000000,35000000,-131000000,None,131000000,75000000,63000000,None,728000000,3577000000,863000000,131000000,2875000000,2678000000,3708000000,4436000000,2714000000,The Procter & Gamble Company,PG
2016-06-30,USD,16102000000,16102000000,12135000000,8382000000,2502000000,5218000000,1879000000,5371000000,47000000,-150000000,None,150000000,282000000,287000000,None,-1851000000,2629000000,678000000,150000000,2008000000,-314000000,2779000000,928000000,1951000000,The Procter & Gamble Company,PG
2016-03-31,USD,2845000000,15609000000,12764000000,7915000000,3318000000,4522000000,None,4849000000,33000000,-146000000,None,146000000,-278000000,21000000,None,785000000,3639000000,889000000,146000000,2337000000,3442000000,3785000000,4570000000,2750000000,The Procter & Gamble Company,PG
2015-12-31,USD,3392000000,16772000000,13380000000,8460000000,3853000000,4602000000,None,4920000000,58000000,-143000000,None,143000000,30000000,35000000,None,723000000,4104000000,898000000,143000000,2905000000,2618000000,4247000000,4970000000,3206000000,The Procter & Gamble Company,PG
2015-09-30,USD,2761000000,16394000000,13633000000,8152000000,3768000000,4607000000,None,5474000000,44000000,-140000000,None,140000000,7000000,-18000000,None,731000000,3478000000,877000000,140000000,2777000000,1635000000,3618000000,4349000000,2601000000,The Procter & Gamble Company,PG
2015-06-30,USD,17790000000,17790000000,11304000000,9257000000,812000000,4876000000,1991000000,3600000000,48000000,-147000000,1000000,148000000,447000000,355000000,None,-1869000000,1090000000,569000000,147000000,640000000,1592000000,1238000000,-631000000,521000000,The Procter & Gamble Company,PG
2015-03-31,USD,2551000000,17993000000,15442000000,9327000000,3025000000,4978000000,None,6115000000,38000000,-149000000,-1000000,148000000,20000000,53000000,None,786000000,2720000000,567000000,149000000,2475000000,-381000000,2868000000,3654000000,2153000000,The Procter & Gamble Company,PG
2014-12-31,USD,3488000000,20001000000,16513000000,10083000000,3579000000,5358000000,None,6430000000,34000000,-160000000,None,160000000,65000000,19000000,None,746000000,3170000000,798000000,160000000,2975000000,910000000,3330000000,4076000000,2372000000,The Procter & Gamble Company,PG
2014-09-30,USD,2053000000,20857000000,18804000000,10552000000,3633000000,5404000000,None,8018000000,31000000,-169000000,1000000,170000000,234000000,13000000,None,794000000,2781000000,791000000,169000000,1973000000,-141000000,2951000000,3745000000,1990000000,The Procter & Gamble Company,PG
2014-06-30,USD,20157000000,20335000000,14380000000,9919000000,3162000000,2847000000,1984000000,5793000000,27000000,-178000000,None,178000000,137000000,141000000,None,-1803000000,3004000000,425000000,178000000,1869000000,1554000000,3182000000,1379000000,2579000000,The Procter & Gamble Company,PG
2014-03-31,USD,2941000000,20380000000,17439000000,10601000000,3306000000,6295000000,None,7017000000,29000000,-179000000,1000000,180000000,12000000,20000000,None,791000000,3253000000,644000000,179000000,2815000000,2341000000,3433000000,4224000000,2609000000,The Procter & Gamble Company,PG
2013-12-31,USD,4063000000,22093000000,18030000000,11130000000,4302000000,6323000000,None,7087000000,23000000,-187000000,-2000000,185000000,3000000,43000000,None,755000000,4313000000,885000000,187000000,3472000000,3787000000,4498000000,5253000000,3428000000,The Procter & Gamble Company,PG
2013-09-30,USD,3088000000,21042000000,17954000000,10810000000,3970000000,6136000000,None,7307000000,21000000,-165000000,None,165000000,2000000,5000000,None,771000000,3969000000,942000000,165000000,3009000000,3790000000,4134000000,4905000000,3027000000,The Procter & Gamble Company,PG
2013-06-30,USD,20655000000,20818000000,308000000,10854000000,2651000000,5910000000,2023000000,308000000,28000000,-163000000,None,163000000,10000000,12000000,None,-1660000000,2289000000,414000000,163000000,1691000000,2658000000,2452000000,792000000,1875000000,The Procter & Gamble Company,PG
2013-03-31,USD,2926000000,20435000000,17509000000,10344000000,3361000000,6849000000,None,7424000000,21000000,-163000000,None,163000000,4000000,25000000,None,740000000,3263000000,697000000,163000000,2591000000,1985000000,3426000000,4166000000,2566000000,The Procter & Gamble Company,PG
2012-12-31,USD,3960000000,22006000000,18046000000,10880000000,4429000000,6803000000,None,7410000000,19000000,-169000000,None,169000000,885000000,876000000,None,738000000,5199000000,1142000000,169000000,4076000000,4540000000,5368000000,6106000000,4057000000,The Procter & Gamble Company,PG
2012-09-30,USD,2732000000,20584000000,17852000000,10350000000,3889000000,6438000000,None,7736000000,19000000,-172000000,None,172000000,17000000,28000000,None,710000000,3787000000,973000000,172000000,2853000000,3959000000,3959000000,4669000000,2814000000,The Procter & Gamble Company,PG
2012-06-30,USD,20212000000,20394000000,13148000000,10497000000,3063000000,6215000000,2029000000,450000000,None,-182000000,None,182000000,1905000000,-53000000,None,-1927000000,4233000000,602000000,182000000,1898000000,-620000000,4415000000,2488000000,3631000000,The Procter & Gamble Company,PG
2012-03-31,USD,2282000000,20015000000,17733000000,10237000000,3299000000,6636000000,None,7784000000,None,-179000000,None,179000000,14000000,67000000,None,971000000,3165000000,754000000,179000000,2433000000,3718000000,3344000000,4315000000,2411000000,The Procter & Gamble Company,PG
2011-12-31,USD,2661000000,21934000000,19273000000,11125000000,2680000000,6659000000,None,8349000000,None,-201000000,None,201000000,185000000,170000000,None,713000000,2667000000,977000000,201000000,1914000000,315000000,2868000000,3581000000,1690000000,The Procter & Gamble Company,PG
2011-09-30,USD,3384000000,21710000000,18326000000,11061000000,4250000000,6474000000,None,7472000000,None,-207000000,None,207000000,2000000,1000000,None,743000000,4069000000,1045000000,207000000,3024000000,88000000,4276000000,5019000000,3024000000,The Procter & Gamble Company,PG
2011-06-30,USD,20860000000,20860000000,16018000000,10787000000,3179000000,6740000000,1982000000,5443000000,None,-212000000,None,212000000,None,100000000,None,-1557000000,3171000000,661000000,212000000,2510000000,3938000000,3383000000,1826000000,2510000000,The Procter & Gamble Company,PG
2011-03-31,USD,3442000000,20028000000,16586000000,10005000000,3705000000,6399000000,None,6783000000,None,-202000000,None,202000000,None,104000000,None,703000000,3621000000,748000000,202000000,2873000000,4734000000,3823000000,4526000000,2873000000,The Procter & Gamble Company,PG
2010-12-31,USD,3919000000,21138000000,17219000000,10287000000,4186000000,6800000000,None,7141000000,None,-209000000,None,209000000,None,39000000,None,711000000,4061000000,728000000,209000000,3333000000,2984000000,4270000000,4981000000,3333000000,The Procter & Gamble Company,PG
2010-09-30,USD,3604000000,19914000000,16310000000,9689000000,4425000000,5932000000,None,6829000000,None,-208000000,None,208000000,None,-11000000,None,689000000,4282000000,1201000000,208000000,3081000000,5896000000,4490000000,5179000000,3081000000,The Procter & Gamble Company,PG
2010-06-30,USD,18926000000,18926000000,16756000000,9560000000,2950000000,6211000000,1950000000,7408000000,None,-212000000,None,212000000,None,-11000000,None,780000000,2533000000,348000000,212000000,2185000000,-1588000000,2745000000,3525000000,2185000000,The Procter & Gamble Company,PG
2010-03-31,USD,3745000000,18955000000,15210000000,9225000000,3968000000,5985000000,None,6208000000,None,-223000000,None,223000000,None,17000000,None,799000000,3762000000,1177000000,223000000,2585000000,772000000,3985000000,4784000000,2585000000,The Procter & Gamble Company,PG
2009-12-31,USD,4431000000,20803000000,16372000000,9736000000,4655000000,6636000000,None,6860000000,None,-224000000,None,224000000,None,53000000,None,758000000,5994000000,1335000000,224000000,3149000000,4386000000,6218000000,6976000000,4659000000,The Procter & Gamble Company,PG
2009-09-30,USD,3390000000,19520000000,16130000000,9398000000,4448000000,5961000000,None,7019000000,None,-287000000,None,287000000,None,23000000,None,771000000,4464000000,1157000000,287000000,3027000000,4702000000,4751000000,5522000000,3307000000,The Procter & Gamble Company,PG
2009-06-30,USD,9395000000,18662000000,9267000000,9267000000,3380000000,5488000000,1864000000,5822000000,None,None,None,328000000,None,16000000,None,854000000,3216000000,745000000,None,2323000000,None,3544000000,4398000000,2471000000,The Procter & Gamble Company,PG
2009-03-31,USD,9256000000,18417000000,9161000000,9161000000,3553000000,5194000000,None,5526000000,None,None,None,337000000,None,34000000,None,725000000,3434000000,821000000,None,2429000000,None,3771000000,4496000000,2613000000,The Procter & Gamble Company,PG
2008-12-31,USD,10518000000,20368000000,9850000000,9850000000,4055000000,5909000000,None,6267000000,None,None,None,354000000,None,67000000,None,693000000,5959000000,955000000,None,2813000000,None,6313000000,7006000000,5004000000,The Procter & Gamble Company,PG
2008-09-30,USD,11121000000,22026000000,10905000000,10905000000,4386000000,6039000000,None,6436000000,None,None,None,339000000,None,280000000,None,810000000,4560000000,1212000000,None,3115000000,None,4899000000,5709000000,3348000000,The Procter & Gamble Company,PG
2024-06-30,USD,7991000000,9094000000,1103000000,5575000000,6600000000,924000000,300000000,1391000000,200000000,-48000000,200000000,248000000,None,None,None,83000000,1391000000,125000000,None,1320000000,2834000000,6600000000,6683000000,1266000000,General Electric Company,GE
2024-03-31,USD,13397000000,16053000000,2656000000,11515000000,10252000000,2269000000,507000000,3145000000,252000000,-26000000,252000000,278000000,17000000,None,None,145000000,1855000000,318000000,None,1522000000,2084000000,10252000000,10397000000,1537000000,General Electric Company,GE
2023-12-31,USD,5027000000,19423000000,14396000000,14396000000,5027000000,2524000000,551000000,3484000000,205000000,-91000000,205000000,296000000,18514000000,None,None,158000000,2012000000,421000000,None,1589000000,-1208000000,5027000000,5185000000,1591000000,General Electric Company,GE
2023-09-30,USD,14873000000,17346000000,2473000000,12905000000,12044000000,2171000000,471000000,2829000000,193000000,-93000000,849000000,286000000,7000000,None,None,149000000,486000000,138000000,None,175000000,571000000,12044000000,12193000000,348000000,General Electric Company,GE
2023-06-30,USD,14037000000,8755000000,2662000000,12362000000,10920000000,913000000,239000000,3117000000,128000000,-112000000,155000000,267000000,26000000,692000000,None,160000000,368000000,253000000,None,1254000000,-251000000,10920000000,11080000000,33000000,General Electric Company,GE
2023-03-31,USD,12043000000,14486000000,2443000000,10729000000,9169000000,2142000000,431000000,2926000000,186000000,-83000000,6082000000,269000000,-41000000,6081000000,None,140000000,7777000000,271000000,None,6248000000,6489000000,9169000000,9309000000,7506000000,General Electric Company,GE
2022-12-31,USD,6319000000,16828000000,15467000000,12440000000,6319000000,6272000000,1544000000,4992000000,187000000,-416000000,2436000000,300000000,21011000000,None,None,244000000,2495000000,273000000,465000000,3469000000,-1135000000,6319000000,6563000000,2197000000,General Electric Company,GE
2022-09-30,USD,15752000000,14470000000,3332000000,11534000000,11756000000,1966000000,426000000,3996000000,123000000,-265000000,125000000,390000000,0,None,None,237000000,174000000,13000000,0,-243000000,-318000000,11756000000,11993000000,161000000,General Electric Company,GE
2022-06-30,USD,15482000000,14127000000,3164000000,13244000000,11626000000,1817000000,439000000,3856000000,54000000,-352000000,42000000,394000000,9000000,None,None,237000000,-721000000,161000000,0,-1133000000,-823000000,11626000000,11863000000,-882000000,General Electric Company,GE
2022-03-31,USD,12245000000,12675000000,4795000000,12453000000,6824000000,2725000000,403000000,5421000000,93000000,-538000000,107000000,538000000,39000000,None,None,1025000000,-1107000000,29000000,0,-1224000000,-391000000,6824000000,7849000000,-1136000000,General Electric Company,GE
2021-12-31,USD,5965000000,20303000000,14338000000,14338000000,5965000000,3213000000,705000000,4309000000,104000000,-426000000,1143000000,426000000,19492000000,None,None,278000000,-3806000000,37000000,3658000000,-3504000000,2816000000,5965000000,6243000000,-3843000000,General Electric Company,GE
2021-09-30,USD,2009000000,18569000000,16420000000,13401000000,-1665000000,2745000000,627000000,3674000000,133000000,20000000,482000000,462000000,16000000,None,None,272000000,1259000000,2000000,463000000,655000000,3999000000,-1665000000,-1393000000,1257000000,General Electric Company,GE
2021-06-30,USD,1507000000,18253000000,16772000000,13618000000,-2281000000,2863000000,604000000,3788000000,233000000,114000000,602000000,488000000,-1402000000,None,None,288000000,-1597000000,-466000000,1416000000,-568000000,-58000000,-2281000000,-1993000000,-1131000000,General Electric Company,GE
2021-03-31,USD,1388000000,17071000000,15730000000,12538000000,-2397000000,2894000000,561000000,3782000000,446000000,-61000000,439000000,500000000,3000000,None,None,301000000,-2660000000,142000000,0,92000000,-1947000000,-2397000000,-2096000000,-2802000000,General Electric Company,GE
2020-12-31,USD,5263000000,21033000000,15770000000,15770000000,5263000000,3284000000,636000000,5944000000,None,-737000000,2012000000,737000000,20264000000,2957000000,None,306000000,2738000000,102000000,-1552000000,2477000000,2386000000,5263000000,5569000000,2636000000,General Electric Company,GE
2020-09-30,USD,374000000,18609000000,19043000000,14042000000,-3478000000,3215000000,595000000,3852000000,None,-1327000000,1405000000,745000000,15000000,-517000000,None,428000000,-1627000000,-483000000,526000000,-1087000000,-449000000,-3478000000,-3050000000,-1144000000,General Electric Company,GE
2020-06-30,USD,-2437000000,16811000000,20187000000,13633000000,-7670000000,3068000000,611000000,5233000000,None,958000000,1955000000,997000000,-123000000,2078000000,None,308000000,-2147000000,-160000000,205000000,-994000000,-1362000000,-7670000000,-7362000000,-1987000000,General Electric Company,GE
2020-03-31,USD,1424000000,19380000000,19100000000,14426000000,-2090000000,3061000000,723000000,-8858000000,None,-794000000,6388000000,794000000,12372000000,6869000000,991000000,340000000,6253000000,54000000,None,6218000000,7113000000,-2090000000,-1750000000,6199000000,General Electric Company,GE
2019-12-31,USD,2742000000,21245000000,23496000000,15962000000,-1640000000,3686000000,4164000000,4382000000,None,2797000000,336000000,955000000,433000000,2064000000,1057000000,349000000,1281000000,553000000,None,-176000000,357000000,-1640000000,-1291000000,728000000,General Electric Company,GE
2019-09-30,USD,1503000000,23360000000,21857000000,17328000000,-3125000000,3293000000,None,4628000000,None,-1279000000,689000000,1279000000,46000000,158000000,1004000000,496000000,-9382000000,41000000,None,-1283000000,-7931000000,-3125000000,-2629000000,-9423000000,General Electric Company,GE
2019-06-30,USD,1632000000,23414000000,27199000000,17412000000,-3917000000,3425000000,None,5549000000,None,-991000000,824000000,991000000,-25128000000,None,1487000000,454000000,-54000000,-181000000,None,-114000000,760000000,-3917000000,-3463000000,127000000,General Electric Company,GE
2019-03-31,USD,2324000000,22202000000,24962000000,16208000000,-2002000000,3402000000,None,4326000000,None,-1133000000,None,1133000000,25342000000,None,995000000,463000000,3728000000,140000000,None,960000000,4517000000,-2002000000,-1539000000,3588000000,General Electric Company,GE
2018-12-31,USD,28015000000,26499000000,5263000000,20574000000,19412000000,3630000000,4065000000,8603000000,None,None,None,1252000000,33278000000,None,1062000000,536000000,394000000,-367000000,None,696000000,-423000000,19412000000,19948000000,761000000,General Electric Company,GE
2018-09-30,USD,2745000000,23392000000,26828000000,17847000000,-24092000000,4100000000,None,26837000000,None,None,None,1227000000,29574000000,None,1257000000,831000000,-22717000000,52000000,None,-22917000000,-22566000000,-24092000000,-23261000000,-22769000000,General Electric Company,GE
2018-06-30,USD,25616000000,29162000000,4488000000,21749000000,21116000000,4346000000,None,4500000000,None,None,None,1295000000,30104000000,None,1395000000,547000000,1304000000,504000000,None,864000000,229000000,21116000000,21663000000,800000000,General Electric Company,GE
2018-03-31,USD,2317000000,27788000000,26343000000,20911000000,-2560000000,4088000000,None,4877000000,None,None,None,1285000000,26002000000,None,1272000000,613000000,-1197000000,-50000000,None,261000000,395000000,-2560000000,-1947000000,-1147000000,General Electric Company,GE
2017-12-31,USD,-8303000000,12639000000,39704000000,25688000000,-15438000000,1077000000,5504000000,7135000000,None,None,None,1324000000,31604000000,None,617000000,577000000,-12933000000,-2115000000,None,-10832000000,-10687000000,-15438000000,-14861000000,-10818000000,General Electric Company,GE
2017-09-30,USD,4523000000,30662000000,28949000000,24094000000,-1436000000,4741000000,None,5959000000,None,None,None,1232000000,30662000000,None,1397000000,630000000,809000000,-551000000,None,1429000000,2282000000,-1436000000,-806000000,1360000000,General Electric Company,GE
2017-06-30,USD,3478000000,29097000000,26080000000,21793000000,-942000000,4152000000,None,4420000000,None,None,None,1174000000,29097000000,None,1125000000,679000000,1019000000,-38000000,None,1028000000,2366000000,-942000000,-263000000,1057000000,General Electric Company,GE
2017-03-31,USD,2667000000,26881000000,24993000000,20359000000,-2433000000,4287000000,None,5100000000,None,None,None,1139000000,26880000000,None,1193000000,404000000,-188000000,-105000000,None,122000000,1739000000,-2433000000,-2029000000,-83000000,General Electric Company,GE
2016-12-31,USD,7027000000,2649000000,-4378000000,23773000000,7027000000,3923000000,5480000000,10290000000,None,None,None,1002000000,None,None,1356000000,1356000000,2232000000,-1435000000,None,397000000,-1827000000,7027000000,4591000000,3667000000,General Electric Company,GE
2016-09-30,USD,6388000000,29266000000,22878000000,20966000000,-624000000,4343000000,None,4581000000,None,None,None,961000000,None,None,1136000000,3641000000,2045000000,18000000,None,2097000000,2504000000,-624000000,3719000000,2027000000,General Electric Company,GE
2016-06-30,USD,6192000000,33494000000,27302000000,22383000000,142000000,4883000000,None,5636000000,None,None,None,1326000000,None,None,1294000000,450000000,3369000000,461000000,None,3300000000,3715000000,142000000,592000000,2908000000,General Electric Company,GE
2016-03-31,USD,5516000000,27845000000,22329000000,20361000000,-3513000000,4608000000,None,5312000000,None,None,None,1736000000,None,None,1210000000,445000000,51000000,-177000000,None,248000000,1052000000,-3513000000,-3068000000,228000000,General Electric Company,GE
2015-12-31,USD,7556000000,2585000000,-4971000000,25255000000,7556000000,4773000000,5278000000,25927000000,None,None,None,1235000000,None,None,1210000000,210000000,5559000000,-742000000,None,-1447000000,6755000000,7556000000,7766000000,6301000000,General Electric Company,GE
2015-09-30,USD,6275000000,2660000000,-3615000000,19249000000,10819000000,4258000000,None,437000000,None,None,None,1462000000,None,None,1265000000,437000000,2871000000,365000000,None,-154000000,3727000000,10819000000,11256000000,2506000000,General Electric Company,GE
2015-06-30,USD,6033000000,2690000000,-3343000000,20023000000,11088000000,4385000000,None,430000000,None,None,None,1286000000,None,None,1188000000,430000000,-561000000,799000000,None,-332000000,2798000000,11088000000,11518000000,-1360000000,General Electric Company,GE
2015-03-31,USD,5514000000,2866000000,-2648000000,18166000000,5351000000,4415000000,None,490000000,None,None,None,1930000000,None,None,1101000000,490000000,-7279000000,6294000000,None,-5721000000,-17764000000,5351000000,5841000000,-13573000000,General Electric Company,GE
2014-12-31,USD,11955000000,22589000000,30049000000,23043000000,94893000000,8810000000,5273000000,11286000000,None,None,None,2366000000,None,None,1101000000,473000000,4891000000,-261000000,None,1519000000,-4911000000,94893000000,95366000000,5152000000,General Electric Company,GE
2014-09-30,USD,15012000000,32107000000,21162000000,19740000000,-17247000000,8543000000,None,375000000,None,None,None,2357000000,None,None,1424000000,465000000,3937000000,401000000,None,2831000000,2585000000,-17247000000,-16782000000,3536000000,General Electric Company,GE
2014-06-30,USD,14828000000,32260000000,21405000000,20006000000,5869000000,8477000000,None,394000000,None,None,None,2345000000,None,None,1182000000,431000000,3738000000,192000000,None,2884000000,4236000000,5869000000,6300000000,3546000000,General Electric Company,GE
2014-03-31,USD,14266000000,33548000000,19912000000,18522000000,5212000000,8196000000,None,442000000,None,None,None,2414000000,None,None,2189000000,420000000,3618000000,619000000,None,2747000000,4270000000,5212000000,5632000000,2999000000,General Electric Company,GE
2013-12-31,USD,14860000000,7582000000,25327000000,21880000000,-85516000000,9069000000,5461000000,6983000000,None,None,None,2468000000,None,None,-1950000000,454000000,3259000000,53000000,None,-2568000000,11949000000,-85516000000,-85062000000,3206000000,General Electric Company,GE
2013-09-30,USD,15018000000,35661000000,20707000000,19457000000,5860000000,8705000000,None,457000000,None,None,None,2462000000,None,None,2577000000,429000000,3539000000,348000000,None,3282000000,3791000000,5860000000,6289000000,3191000000,General Electric Company,GE
2013-06-30,USD,15177000000,35059000000,19946000000,18488000000,5628000000,8573000000,None,429000000,None,None,None,2617000000,None,None,2266000000,429000000,3443000000,310000000,None,3257000000,4334000000,5628000000,6057000000,3133000000,General Electric Company,GE
2013-03-31,USD,15516000000,34943000000,19494000000,17316000000,4874000000,8796000000,None,690000000,None,None,None,2621000000,None,None,2309000000,399000000,4035000000,508000000,None,3647000000,4093000000,4874000000,5273000000,3527000000,General Electric Company,GE
2012-12-31,USD,8240000000,11770000000,3530000000,18733000000,6719000000,11396000000,5200000000,17947000000,None,None,None,2960000000,None,None,2493000000,536000000,4827000000,816000000,None,1503000000,4102000000,6719000000,7255000000,4011000000,General Electric Company,GE
2012-09-30,USD,6025000000,36254000000,30229000000,18509000000,5239000000,9713000000,None,359000000,None,None,None,2979000000,None,None,2193000000,359000000,4048000000,557000000,None,3450000000,5893000000,5239000000,5598000000,3491000000,General Electric Company,GE
2012-06-30,USD,5800000000,36397000000,30597000000,19199000000,5872000000,9163000000,None,6000000,None,None,None,3211000000,None,None,2193000000,372000000,3601000000,496000000,None,3658000000,2515000000,5872000000,6244000000,3105000000,General Electric Company,GE
2012-03-31,USD,5653000000,35080000000,29427000000,17869000000,5057000000,9166000000,None,50000000,None,None,None,3358000000,None,None,2220000000,348000000,3699000000,665000000,None,3231000000,4875000000,5057000000,5405000000,3034000000,General Electric Company,GE
2011-12-31,USD,9095000000,11577000000,2482000000,17463000000,6031000000,711000000,4601000000,18448000000,None,None,None,3236000000,None,None,2042000000,482000000,4204000000,474000000,None,1420000000,-6580000000,6031000000,6513000000,3730000000,General Electric Company,GE
2011-09-30,USD,6376000000,12015000000,5639000000,16615000000,4726000000,10298000000,None,223000000,None,None,None,3735000000,None,None,2350000000,436000000,3661000000,437000000,None,1455000000,2015000000,4726000000,5162000000,3224000000,General Electric Company,GE
2011-06-30,USD,5488000000,12440000000,6952000000,17500000000,5121000000,9030000000,None,339000000,None,None,None,3773000000,None,None,2302000000,2302000000,4656000000,892000000,None,1810000000,6310000000,5121000000,8284000000,3764000000,General Electric Company,GE
2011-03-31,USD,5273000000,13036000000,7763000000,16699000000,4774000000,9272000000,None,64000000,None,None,None,3879000000,None,None,2292000000,2292000000,7375000000,3942000000,None,1825000000,6287000000,4774000000,11314000000,3433000000,General Electric Company,GE
2010-12-31,USD,8278000000,12814000000,4536000000,20379000000,5290000000,802000000,3939000000,60560000000,None,None,None,3969000000,None,None,2337000000,2536000000,3950000000,-585000000,None,1036000000,6261000000,5290000000,7539000000,4535000000,General Electric Company,GE
2010-09-30,USD,6974000000,35373000000,28399000000,16626000000,4065000000,9887000000,None,31000000,None,None,None,4039000000,None,None,2611000000,2621000000,2374000000,319000000,None,3107000000,2900000000,4065000000,7679000000,2055000000,General Electric Company,GE
2010-06-30,USD,7294000000,36928000000,29634000000,17196000000,4362000000,9781000000,None,56000000,None,None,None,4171000000,None,None,2373000000,2381000000,3975000000,866000000,None,3210000000,-1485000000,4362000000,8458000000,3109000000,General Electric Company,GE
2010-03-31,USD,6146000000,36204000000,30058000000,17512000000,3533000000,9842000000,None,79000000,None,None,None,4161000000,None,None,2465000000,2475000000,2388000000,443000000,None,2311000000,1945000000,3533000000,6988000000,1945000000,General Electric Company,GE
2009-12-31,USD,7886000000,13112000000,5226000000,20503000000,-8677000000,10940000000,3324000000,56088000000,None,None,None,4467000000,None,None,2724000000,2743000000,2437000000,-576000000,None,73000000,9601000000,-8677000000,9831000000,3013000000,General Electric Company,GE
2009-09-30,USD,6560000000,12325000000,5765000000,18548000000,7029000000,10086000000,None,161000000,None,None,None,4322000000,None,None,2658000000,2658000000,2009000000,-484000000,None,120000000,2494000000,7029000000,6297000000,2493000000,General Electric Company,GE
2009-06-30,USD,7234000000,12943000000,5709000000,18804000000,8528000000,9712000000,None,205000000,None,None,None,4653000000,None,None,None,2504000000,2917000000,227000000,None,144000000,2671000000,8528000000,7749000000,2690000000,General Electric Company,GE
2009-03-31,USD,6013000000,14278000000,8265000000,27403000000,2599000000,10083000000,None,3082000000,None,None,None,5327000000,None,None,None,2731000000,2520000000,-309000000,None,978000000,None,5195000000,7926000000,2829000000,General Electric Company,GE
2008-12-31,USD,23300000000,43467000000,22913000000,22913000000,8730000000,11505000000,3020000000,14570000000,None,None,None,6106000000,None,None,None,3276000000,2390000000,-1332000000,None,3564000000,None,8730000000,12006000000,3722000000,General Electric Company,GE
2008-09-30,USD,25097000000,47234000000,22137000000,22137000000,5172000000,11329000000,None,12970000000,None,None,None,6955000000,None,None,None,2860000000,4851000000,539000000,None,4477000000,None,12127000000,14987000000,4312000000,General Electric Company,GE
2008-06-30,USD,26162000000,46840000000,20729000000,20729000000,6621000000,11425000000,None,12915000000,None,None,None,6626000000,None,None,None,2674000000,6126000000,1054000000,None,5394000000,None,13247000000,15921000000,5072000000,General Electric Company,GE
2024-03-31,USD,80565000000,83083000000,2518000000,61652000000,77922000000,2495000000,None,2643000000,None,-221000000,None,221000000,None,None,None,4812000000,12023000000,3803000000,221000000,8566000000,7040000000,12244000000,14753000000,8220000000,Exxon Mobil Corporation,XOM
2023-12-31,USD,77502000000,84344000000,6842000000,64124000000,70372000000,2591000000,879000000,7130000000,None,-272000000,None,272000000,None,None,None,7740000000,10243000000,2613000000,272000000,8012000000,8729000000,10515000000,16198000000,7630000000,Exxon Mobil Corporation,XOM
2023-09-30,USD,88105000000,90760000000,2655000000,61772000000,85278000000,2489000000,None,2827000000,None,-169000000,1288000000,169000000,None,None,None,4415000000,13423000000,4353000000,169000000,9346000000,8639000000,13592000000,18832000000,9070000000,Exxon Mobil Corporation,XOM
2023-06-30,USD,80301000000,82914000000,2613000000,56458000000,77719000000,2449000000,None,2582000000,None,-249000000,1133000000,249000000,80795000000,None,None,4242000000,11383000000,3503000000,249000000,8153000000,8318000000,11632000000,13928000000,7880000000,Exxon Mobil Corporation,XOM
2023-03-31,USD,84007000000,86564000000,2557000000,55439000000,81476000000,2390000000,None,2531000000,None,-159000000,2222000000,159000000,83644000000,None,None,4244000000,16390000000,4960000000,159000000,11843000000,11605000000,16549000000,23425000000,11430000000,Exxon Mobil Corporation,XOM
2022-12-31,USD,91753000000,95429000000,3676000000,58060000000,88039000000,2832000000,824000000,3714000000,None,-207000000,398000000,207000000,-305729000000,None,None,4236000000,18537000000,5787000000,207000000,13055000000,17283000000,18744000000,24394000000,12750000000,Exxon Mobil Corporation,XOM
2022-09-30,USD,109592000000,112070000000,2478000000,71514000000,107050000000,2324000000,None,2542000000,None,-209000000,4423000000,209000000,106512000000,926000000,None,12289000000,24884000000,5224000000,209000000,20198000000,16874000000,25093000000,38617000000,19660000000,Exxon Mobil Corporation,XOM
2022-06-30,USD,113031000000,115681000000,2650000000,76299000000,110215000000,2530000000,None,2816000000,None,-194000000,3494000000,194000000,111265000000,728000000,None,4451000000,24209000000,6359000000,194000000,18574000000,15747000000,24403000000,36716000000,17850000000,Exxon Mobil Corporation,XOM
2022-03-31,USD,87983000000,90500000000,2517000000,62629000000,85401000000,2409000000,None,2582000000,None,-188000000,2350000000,188000000,87734000000,228000000,None,5908000000,8286000000,2806000000,188000000,5750000000,6330000000,8474000000,15089000000,5480000000,Exxon Mobil Corporation,XOM
2021-12-31,USD,80860000000,84965000000,4105000000,54009000000,76695000000,2514000000,843000000,4165000000,None,-221000000,1857000000,221000000,81287000000,1582000000,None,4461000000,11520000000,2650000000,221000000,9079000000,11802000000,11741000000,15589000000,8870000000,Exxon Mobil Corporation,XOM
2021-09-30,USD,71349000000,73786000000,2437000000,48464000000,68868000000,2287000000,None,2481000000,None,-214000000,1456000000,214000000,71892000000,224000000,None,4990000000,9414000000,2664000000,214000000,6942000000,5640000000,9628000000,13140000000,6750000000,Exxon Mobil Corporation,XOM
2021-06-30,USD,65225000000,67742000000,2517000000,45800000000,62694000000,2345000000,None,2531000000,None,-254000000,1182000000,254000000,65943000000,363000000,None,4952000000,6216000000,1526000000,254000000,4781000000,5194000000,6470000000,10077000000,4690000000,Exxon Mobil Corporation,XOM
2021-03-31,USD,56302000000,59147000000,2845000000,40663000000,53671000000,2428000000,None,2631000000,None,-258000000,1215000000,258000000,57552000000,122000000,None,5004000000,3526000000,796000000,258000000,2796000000,3345000000,3784000000,7381000000,2730000000,Exxon Mobil Corporation,XOM
2020-12-31,USD,42650000000,46540000000,3890000000,30230000000,37543000000,2736000000,1016000000,5107000000,None,-313000000,24000000,313000000,45714000000,465000000,None,6316000000,-26080000000,-6010000000,313000000,-20603000000,-16586000000,-25767000000,4079000000,-20070000000,Exxon Mobil Corporation,XOM
2020-09-30,USD,43636000000,46199000000,2563000000,-153000000,41004000000,2444000000,None,2632000000,None,-279000000,238000000,279000000,45425000000,257000000,None,3947000000,-343000000,337000000,279000000,-709000000,748000000,-64000000,3351000000,-680000000,Exxon Mobil Corporation,XOM
2020-06-30,USD,32549000000,32605000000,56000000,-2624000000,29926000000,2409000000,None,2623000000,None,-317000000,214000000,317000000,32277000000,225000000,None,5527000000,-1551000000,-471000000,317000000,-1169000000,1642000000,-1234000000,4101000000,-1080000000,Exxon Mobil Corporation,XOM
2020-03-31,USD,49746000000,56158000000,6412000000,2777000000,46088000000,2579000000,None,3658000000,None,-249000000,526000000,249000000,55134000000,249000000,None,5208000000,-98000000,512000000,249000000,-770000000,-5456000000,151000000,5035000000,-610000000,Exxon Mobil Corporation,XOM
2019-12-31,USD,63169000000,67173000000,4004000000,42058000000,59511000000,3048000000,1214000000,3658000000,None,-201000000,976000000,201000000,62920000000,2972000000,None,4777000000,6374000000,684000000,201000000,5730000000,5474000000,6575000000,6661000000,5690000000,Exxon Mobil Corporation,XOM
2019-09-30,USD,61939000000,65049000000,3110000000,44138000000,58887000000,2753000000,None,3052000000,None,-232000000,964000000,232000000,63422000000,431000000,None,4873000000,4644000000,1474000000,232000000,3247000000,2098000000,4876000000,8630000000,3170000000,Exxon Mobil Corporation,XOM
2019-06-30,USD,64664000000,69091000000,2827000000,48464000000,61504000000,2827000000,None,3160000000,None,-216000000,1143000000,216000000,67491000000,241000000,None,4631000000,4371000000,1241000000,216000000,3391000000,3707000000,4587000000,8120000000,3130000000,Exxon Mobil Corporation,XOM
2019-03-31,USD,58876000000,63625000000,2770000000,43771000000,55826000000,2770000000,None,3050000000,None,-181000000,1528000000,181000000,61646000000,270000000,None,4571000000,4233000000,1883000000,181000000,2406000000,3132000000,4414000000,7332000000,2350000000,Exxon Mobil Corporation,XOM
2018-12-31,USD,64024000000,71895000000,4229000000,44855000000,60117000000,2848000000,1116000000,3907000000,None,-215000000,None,215000000,-211217000000,1886000000,None,4328000000,7915000000,1915000000,215000000,6206000000,4806000000,8130000000,9722000000,6000000000,Exxon Mobil Corporation,XOM
2018-09-30,USD,71295000000,76605000000,2892000000,50873000000,68111000000,2892000000,None,3184000000,None,-200000000,None,200000000,74187000000,458000000,None,4658000000,8874000000,2634000000,200000000,6446000000,6479000000,9074000000,11520000000,6240000000,Exxon Mobil Corporation,XOM
2018-06-30,USD,68463000000,71456000000,2993000000,50245000000,65138000000,2993000000,None,3325000000,None,-147000000,None,147000000,None,1729000000,None,4589000000,6476000000,2526000000,147000000,3986000000,2333000000,6623000000,9203000000,3950000000,Exxon Mobil Corporation,XOM
2018-03-31,USD,62689000000,65436000000,2747000000,44779000000,59655000000,2747000000,None,3034000000,None,-204000000,None,204000000,None,1910000000,None,4470000000,7107000000,2457000000,204000000,4783000000,3959000000,7311000000,9139000000,4650000000,Exxon Mobil Corporation,XOM
2017-12-31,USD,250588000000,72513000000,-13011000000,43490000000,244081000000,2956000000,1063000000,5216000000,None,-186000000,None,186000000,None,673000000,None,3842000000,2988000000,-5392000000,186000000,8409000000,8769000000,3174000000,7842000000,8380000000,Exxon Mobil Corporation,XOM
2017-09-30,USD,-8700000000,59350000000,8589000000,5864000000,-11431000000,2632000000,None,3009000000,None,-111000000,None,111000000,None,1472000000,None,4880000000,5468000000,1498000000,111000000,4085000000,6221000000,5579000000,8824000000,3970000000,Exxon Mobil Corporation,XOM
2017-06-30,USD,-8375000000,56026000000,8217000000,5589000000,-10991000000,2556000000,None,3142000000,None,-158000000,None,158000000,None,1525000000,None,4652000000,4242000000,892000000,158000000,3264000000,5127000000,4400000000,6915000000,3350000000,Exxon Mobil Corporation,XOM
2017-03-31,USD,-8087000000,56474000000,7941000000,5342000000,-10488000000,2505000000,None,2888000000,None,-146000000,None,146000000,None,1710000000,None,4519000000,5838000000,1828000000,146000000,4090000000,5570000000,5984000000,8386000000,4010000000,Exxon Mobil Corporation,XOM
2016-12-31,USD,206599000000,218866000000,12267000000,5403000000,198651000000,2468000000,1058000000,6580000000,None,-195000000,None,195000000,None,1328000000,None,8117000000,273000000,-1407000000,195000000,2024000000,-93000000,468000000,5919000000,1680000000,Exxon Mobil Corporation,XOM
2016-09-30,USD,-8279000000,52137000000,8173000000,5437000000,-10535000000,2736000000,None,3063000000,None,-106000000,None,106000000,None,1103000000,None,4605000000,2987000000,337000000,106000000,2889000000,2928000000,3093000000,6834000000,2650000000,Exxon Mobil Corporation,XOM
2016-06-30,USD,-8156000000,51486000000,8081000000,5435000000,-11037000000,2646000000,None,3091000000,None,-75000000,None,75000000,None,1124000000,None,4821000000,2415000000,715000000,75000000,1681000000,1340000000,2490000000,6519000000,1700000000,Exxon Mobil Corporation,XOM
2016-03-31,USD,-7485000000,42290000000,7408000000,4815000000,-10082000000,2593000000,None,2948000000,None,-77000000,None,77000000,None,1251000000,None,4765000000,1759000000,-51000000,77000000,1781000000,4937000000,1836000000,4970000000,1810000000,Exxon Mobil Corporation,XOM
2015-12-31,USD,250604000000,259739000000,9135000000,5370000000,244386000000,2990000000,1008000000,5065000000,None,-60000000,None,60000000,None,1519000000,None,4755000000,2578000000,-202000000,60000000,2830000000,3605000000,2638000000,5327000000,2780000000,Exxon Mobil Corporation,XOM
2015-09-30,USD,-8858000000,59866000000,8780000000,5813000000,-12267000000,2967000000,None,3291000000,None,-78000000,None,78000000,None,1783000000,None,4542000000,5605000000,1365000000,78000000,4384000000,1397000000,5683000000,8704000000,4240000000,Exxon Mobil Corporation,XOM
2015-06-30,USD,-8881000000,65395000000,8796000000,5965000000,-12082000000,2831000000,None,3201000000,None,-85000000,None,85000000,None,2081000000,None,4451000000,6882000000,2692000000,85000000,4262000000,5292000000,6967000000,8737000000,4190000000,Exxon Mobil Corporation,XOM
2015-03-31,USD,-8331000000,59228000000,8243000000,5530000000,-11355000000,2713000000,None,3024000000,None,-88000000,None,88000000,None,2261000000,None,4300000000,6500000000,1560000000,88000000,5075000000,1302000000,6588000000,8163000000,4940000000,Exxon Mobil Corporation,XOM
2014-12-31,USD,383788000000,394323000000,10535000000,6536000000,381432000000,3128000000,971000000,2356000000,None,-68000000,None,68000000,None,2692000000,None,4458000000,8630000000,2060000000,68000000,6782000000,-191000000,8698000000,9960000000,6570000000,Exxon Mobil Corporation,XOM
2014-09-30,USD,-10776000000,95687000000,10688000000,7519000000,-14264000000,3169000000,None,3488000000,None,-88000000,None,88000000,None,3211000000,None,4362000000,13134000000,5064000000,88000000,8346000000,5185000000,13222000000,13936000000,8070000000,Exxon Mobil Corporation,XOM
2014-06-30,USD,-8927000000,2177000000,11040000000,7871000000,-106423000000,3169000000,None,12213000000,None,-64000000,None,64000000,None,3312000000,None,4285000000,13814000000,5034000000,64000000,9117000000,10509000000,13878000000,13011000000,8780000000,Exxon Mobil Corporation,XOM
2014-03-31,USD,-9709000000,905000000,10548000000,7416000000,-101255000000,3132000000,None,11536000000,None,-66000000,None,66000000,None,4108000000,None,4192000000,14957000000,5857000000,66000000,9370000000,8785000000,15023000000,14472000000,9100000000,Exxon Mobil Corporation,XOM
2013-12-31,USD,407591000000,419228000000,11789000000,7663000000,311447000000,3341000000,1044000000,16213000000,None,152000000,None,-152000000,None,2967000000,None,4380000000,14423000000,6073000000,-152000000,8643000000,10676000000,14271000000,14102000000,8350000000,Exxon Mobil Corporation,XOM
2013-09-30,USD,-10546000000,538000000,11032000000,7882000000,-108729000000,3150000000,None,12211000000,None,-52000000,None,52000000,None,3444000000,None,4287000000,13990000000,6120000000,52000000,8069000000,9200000000,14042000000,14546000000,7870000000,Exxon Mobil Corporation,XOM
2013-06-30,USD,-10387000000,518000000,10820000000,7552000000,-104088000000,3268000000,None,11985000000,None,-85000000,None,85000000,None,3098000000,None,4405000000,12653000000,5793000000,85000000,6975000000,5246000000,12738000000,13642000000,6860000000,Exxon Mobil Corporation,XOM
2013-03-31,USD,-10073000000,561000000,10610000000,7492000000,-102842000000,3118000000,None,11532000000,None,-24000000,None,24000000,None,4418000000,None,4110000000,15777000000,6277000000,24000000,9761000000,8917000000,15801000000,15193000000,9500000000,Exxon Mobil Corporation,XOM
2012-12-31,USD,429169000000,441063000000,11783000000,7752000000,331696000000,3322000000,1042000000,17680000000,None,-111000000,None,111000000,None,3763000000,None,4110000000,17348000000,7398000000,111000000,10302000000,6879000000,17459000000,16383000000,9950000000,Exxon Mobil Corporation,XOM
2012-09-30,USD,-10898000000,766000000,11605000000,8137000000,-109284000000,3468000000,894000000,11904000000,None,-59000000,None,59000000,None,3386000000,None,4037000000,16964000000,7394000000,59000000,9926000000,11116000000,17023000000,17971000000,9570000000,Exxon Mobil Corporation,XOM
2012-06-30,USD,5904000000,17467000000,11513000000,8027000000,-95268000000,3486000000,None,6615000000,None,-50000000,None,50000000,6500000000,3651000000,None,3899000000,24447000000,8537000000,50000000,17654000000,13249000000,24497000000,26439000000,15910000000,Exxon Mobil Corporation,XOM
2012-03-31,USD,-11547000000,654000000,12094000000,8493000000,-118085000000,3601000000,None,14528000000,None,-107000000,None,107000000,0,4210000000,None,3842000000,17166000000,7716000000,107000000,9799000000,10575000000,17273000000,17147000000,9450000000,Exxon Mobil Corporation,XOM
2011-12-31,USD,451889000000,464946000000,12982000000,8490000000,347321000000,3911000000,1044000000,20122000000,None,-75000000,None,75000000,-71000000,3827000000,None,4075000000,16717000000,7317000000,75000000,9724000000,5605000000,16792000000,17289000000,9400000000,Exxon Mobil Corporation,XOM
2011-09-30,USD,-11374000000,972000000,12248000000,8484000000,-118024000000,3764000000,None,14780000000,None,-98000000,None,98000000,32000000,3915000000,None,3866000000,18339000000,8009000000,98000000,10671000000,7801000000,18437000000,18631000000,10330000000,Exxon Mobil Corporation,XOM
2011-06-30,USD,-11928000000,411000000,12294000000,8613000000,-118795000000,3681000000,None,14565000000,None,-45000000,None,45000000,39000000,3720000000,None,3881000000,18401000000,7721000000,45000000,10898000000,11537000000,18446000000,18780000000,10680000000,Exxon Mobil Corporation,XOM
2011-03-31,USD,-10626000000,946000000,11543000000,7916000000,-105713000000,3627000000,None,13373000000,None,-29000000,None,29000000,20000000,3827000000,None,3761000000,18654000000,8004000000,29000000,-109890000000,11817000000,18683000000,18851000000,10650000000,Exxon Mobil Corporation,XOM
2010-12-31,USD,17096000000,691000000,-16515000000,7614000000,-72763000000,3855000000,1012000000,19483000000,None,-110000000,None,110000000,-43000000,3453000000,None,4270000000,15061000000,5811000000,110000000,-52425000000,8766000000,15171000000,16144000000,9250000000,Exxon Mobil Corporation,XOM
2010-09-30,USD,-10431000000,502000000,10879000000,7172000000,-92871000000,3707000000,None,13567000000,None,-54000000,None,54000000,70000000,2443000000,None,3844000000,12647000000,5297000000,54000000,-95725000000,9766000000,12701000000,14259000000,7350000000,Exxon Mobil Corporation,XOM
2010-06-30,USD,-10020000000,573000000,10553000000,6946000000,-89800000000,3607000000,None,12599000000,None,-40000000,None,40000000,24000000,2244000000,None,3366000000,12520000000,4960000000,40000000,-92516000000,6342000000,12560000000,13828000000,7560000000,Exxon Mobil Corporation,XOM
2010-03-31,USD,-9707000000,677000000,10329000000,6815000000,-87890000000,3514000000,None,12868000000,None,-55000000,None,55000000,2000000,2537000000,None,3280000000,11793000000,5493000000,55000000,-90846000000,6224000000,11848000000,15348000000,6300000000,Exxon Mobil Corporation,XOM
2009-12-31,USD,-10615000000,311000000,10890000000,7009000000,-90250000000,3881000000,1050000000,14091000000,None,-36000000,None,36000000,None,None,None,3193000000,10117000000,4067000000,36000000,-91902000000,6969000000,10153000000,10984000000,6050000000,Exxon Mobil Corporation,XOM
2009-09-30,USD,-10259000000,495000000,10692000000,6805000000,-83315000000,3887000000,None,13538000000,None,-62000000,None,62000000,None,1675000000,None,2927000000,9063000000,4333000000,62000000,-85973000000,6599000000,9125000000,10456000000,4730000000,Exxon Mobil Corporation,XOM
2009-06-30,USD,-9371000000,707000000,9735000000,6216000000,-76311000000,3519000000,None,12788000000,None,-343000000,None,343000000,-87000000,1583000000,None,3004000000,7521000000,3571000000,343000000,-74349000000,6601000000,7864000000,8938000000,3950000000,Exxon Mobil Corporation,XOM
2009-03-31,USD,21998000000,64028000000,42030000000,42030000000,6380000000,3448000000,None,14041000000,None,None,None,107000000,None,None,None,2793000000,7698000000,3148000000,None,None,None,7805000000,9173000000,4550000000,Exxon Mobil Corporation,XOM
2008-12-31,USD,36770000000,84696000000,47926000000,47926000000,8994000000,3859000000,847000000,15642000000,None,None,None,118000000,None,None,None,3177000000,13195000000,5375000000,None,None,None,13313000000,12171000000,7820000000,Exxon Mobil Corporation,XOM
2008-09-30,USD,54158000000,137737000000,83579000000,83579000000,20505000000,3823000000,None,17820000000,None,None,None,318000000,None,None,None,3008000000,26157000000,11327000000,None,None,None,26475000000,23513000000,14830000000,Exxon Mobil Corporation,XOM
2008-06-30,USD,50973000000,138072000000,87099000000,87099000000,17910000000,4389000000,None,28435000000,None,None,None,107000000,None,None,None,3090000000,22206000000,10526000000,None,None,None,22313000000,21000000000,11680000000,Exxon Mobil Corporation,XOM
